@misc{cmu-db,
    title = {{Carnegie Mellon Database Group}},
    howpublished = {\url{https://db.cs.cmu.edu}}
}
@misc{noisepage,
    title = {{NoisePage}},
    howpublished = {\url{https://noise.page}}
}
@misc{peloton,
    title = {{Peloton}},
    howpublished = {\url{https://pelotondb.io}}
}
@misc{ottertune,
    title = {{OtterTune}},
    howpublished = {\url{https://ottertune.cs.cmu.edu}}
}

@inproceedings{pavlo19,
    author = {Andrew Pavlo and others},
    title = {{Make Your Database Dream of Electric Sheep: Engineering for Self-Driving Operation}},
    note = {\textit{Under Submission}},
    year = {2019},
} 
@inproceedings{li19,
    author = {Tianyu Li and Matthew Butrovich and Amadou Ngom and Wes McKinney and Andrew Pavlo},
    title = {Mainlining Databases: Supporting Fast Transactional Workloads on 
            Universal Columnar Data File Formats},
    note = {\textit{Under Submission}},
    year = {2019},
} 
@inproceedings{neumann15,
    title={Fast Serializable Multi-Version Concurrency Control for
        Main-Memory Database Systems},
    author={Neumann, Thomas and M{\"u}hlbauer, Tobias and Kemper, Alfons},
    series = {SIGMOD},
    year={2015}
}

@article{difallah13,
  author    = {Djellel Eddine Difallah and
               Andrew Pavlo and
               Carlo Curino and
               Philippe Cudr{\'{e}}{-}Mauroux},
  title     = {{OLTP-Bench}: An Extensible Testbed for Benchmarking Relational Databases},
  journal   = {{PVLDB}},
  volume    = {7},
  number    = {4},
  pages     = {277--288},
  year      = {2013},
}

@inproceedings{kraska19,
    author    = {Tim Kraska and Mohammad Alizadeh and Alex Beutel and Ed H. Chi and
        Ani Kristo and Guillaume Leclerc and Samuel Madden and Hongzi Mao and Vikram Nathan},
    title     = {SageDB: {A} Learned Database System},
    booktitle = {CIDR},
    year      = {2019},
}

@book{mitchell97,
    author = {Mitchell, Thomas M.},
    title = {Machine Learning},
    year = {1997},
    publisher = {McGraw-Hill, Inc.},
}

@inproceedings{mozafari13,
    author = {Mozafari, Barzan and Curino, Carlo and Jindal, Alekh and Madden, Samuel},
    title = {Performance and Resource Modeling in Highly-concurrent OLTP Workloads},
    booktitle = {Proceedings of the 2013 ACM SIGMOD International Conference on Management of Data},
    series = {SIGMOD '13},
    year = {2013},
    pages = {301--312},
    numpages = {12},
}

@inproceedings{bailis17,
    author = {Bailis, Peter and Gan, Edward and Madden, Samuel and Narayanan, Deepak and Rong, 
        Kexin and Suri, Sahaana},
    title = {MacroBase: Prioritizing Attention in Fast Data},
    booktitle = {Proceedings of the 2017 ACM International Conference on Management of Data},
    series = {SIGMOD '17},
    year = {2017},
    pages = {541--556},
}

@inproceedings{sculley14,
    title = {Machine Learning: The High Interest Credit Card of Technical Debt},
    author = {D. Sculley and Gary Holt and Daniel Golovin and Eugene Davydov and Todd Phillips and 
        Dietmar Ebner and Vinay Chaudhary and Michael Young},
    year = {2014},
    booktitle = {SE4ML: Software Engineering for Machine Learning (NIPS 2014 Workshop)}
}

@inproceedings{zhang19-ai,
    author = {Bailu Ding and Sudipto Das and Ryan Marcus and Wentao Wu and Surajit Chaudhuri and 
            Vivek Narasayya},
    title = {AI Meets AI: Leveraging Query Executions to Improve Index Recommendations},
    booktitle = {Proceedings of the 2019 ACM International Conference on Management of Data},
    series = {SIGMOD '19},
    year = {2019},
}

@inproceedings{kraska18,
    author    = {Tim Kraska and Alex Beutel and Ed H. Chi and Jeffrey Dean and
        Neoklis Polyzotis},
    title     = {The Case for Learned Index Structures},
    booktitle = {Proceedings of the 2018 International Conference on Management of Data},
    pages     = {489--504},
    year      = {2018},
}


@inproceedings{zhang19-cdbtune,
    author = {Ji Zhang and Yu Liu and Ke Zhou and Guoliang Li and Zhili Xiao and Bin Cheng and 
            Jiashu Xing and Yangtao Wang and Tianheng Cheng and Li Liu and Minwei Ran and
            Zekang Li},
    title = {An End-to-End Automatic Cloud Database Tuning System Using Deep Reinforcement
    Learning},
    booktitle = {Proceedings of the 2019 ACM International Conference on Management of Data},
    series = {SIGMOD '19},
    year = {2019},
}

@inproceedings{dai07,
    author = {Dai, Wenyuan and Yang, Qiang and Xue, Gui-Rong and Yu, Yong},
    title = {Boosting for Transfer Learning},
    booktitle = {Proceedings of the 24th International Conference on Machine Learning},
    series = {ICML '07},
    year = {2007},
    pages = {193--200},
    numpages = {8},
} 

@inproceedings{ng06,
    author={Ng, Andrew Y. and Coates, Adam and Diel, Mark and Ganapathi, Varun and 
        Schulte, Jamie and Tse, Ben and Berger, Eric and Liang, Eric},
    title={Autonomous Inverted Helicopter Flight via Reinforcement Learning},
    booktitle={Experimental Robotics IX},
    year={2006},
    pages={363--372},
}
@article{tesauro07,
    author={Gerald Tesauro},
    journal={IEEE Internet Computing},
    title={Reinforcement Learning in Autonomic Computing: A Manifesto and Case Studies},
    year={2007},
    volume={11},
    number={1},
    pages={22--30},
    month={Jan},
}

@article{silver16,
    title = {Mastering the game of Go with deep neural networks and tree search},
    author = {David Silver and Aja Huang and Christopher J. Maddison and Arthur Guez and 
        Laurent Sifre and George van den Driessche and Julian Schrittwieser and
        Ioannis Antonoglou and Veda Panneershelvam and Marc Lanctot and Sander Dieleman and 
        Dominik Grewe and John Nham and Nal Kalchbrenner and Ilya Sutskever and
        Timothy Lillicrap and Madeleine Leach and Koray Kavukcuoglu and Thore Graepel and 
        Demis Hassabis},
    year  = 2016,
    journal = {Nature},
    pages = {484--503},
    volume  = {529}
}
@article{silver17,
    author = {Silver, David and Schrittwieser, Julian and Simonyan, Karen and 
        Antonoglou, Ioannis and Huang, Aja and Guez, Arthur and Hubert, Thomas and 
        Baker, Lucas and Lai, Matthew and Bolton, Adrian and Chen, Yutian and 
        Lillicrap, Timothy and Hui, Fan and Sifre, Laurent and van den Driessche, George and 
        Graepel, Thore and Hassabis, Demis},
    title = {Mastering the game of Go without human knowledge},
    journal = {Nature},
    month = oct,
    pages = {354--},
    volume = 550,
    year = 2017
}

@inproceedings{arvanitis19,
    author    = {Anastasios Arvanitis and Shivnath Babu and Eric Chu and Adrian Popescu and
        Alkis Simitsis and Kevin Wilkinson},
    title     = {Automated Performance Management for the Big Data Stack},
    booktitle = {{CIDR}},
    year      = {2019},
}

@inproceedings{das19,
    author = {Das, Sudipto and Grbic, Miroslav and Ilic, Igor and Jovandic, Isidora and
        Jovanovic, Andrija and Narasayya, Vivek and Radulovic, Miodrag and Stikic, Maja and 
        Xu, Gaoxiang and Chaudhuri, Surajit},
    title = {Automatically Indexing Millions of Databases in Microsoft Azure SQL Database},
    year = {2019},
    pages = {1-14},
}

@book{graefe14,
    author    = {Goetz Graefe and Wey Guy and Caetano Sauer},
    title     = {Instant Recovery with Write-Ahead Logging: Page Repair, System Restart,
        and Media Restore},
    series    = {Synthesis Lectures on Data Management},
    publisher = {Morgan {\&} Claypool Publishers},
    year      = {2014},
}

@inproceedings{dageville02,
    author = {Dageville, Beno\^{\i}t and Zait, Mohamed},
    title = {SQL Memory Management in Oracle9I},
    booktitle = {Proceedings of the 28th International Conference on Very Large Data Bases},
    series = {VLDB '02},
    year = {2002},
    pages = {962--973},
} 

@inproceedings{listgarten96,
    author = {Sherry Listgarten and Marie-Anne Neimat},
    title = {Modelling Costs for a MM-DBMS},
    booktitle = {Proceedings of the International Workshop on Real-Time Databases, Issues and 
        Applications (RTDB)},
    year = {1996},
    pages = {72--78},
} 

@inproceedings{korkmaz18,
    author = {Korkmaz, Mustafa and Karsten, Martin and Salem, Kenneth and Salihoglu, Semih},
    title = {Workload-Aware CPU Performance Scaling for Transactional Database Systems},
    booktitle = {Proceedings of the 2018 International Conference on Management of Data},
    series = {SIGMOD '18},
    year = {2018},
    pages = {291--306},
} 

@inproceedings{kossmann18,
    author    = {Jan Kossmann},
    title     = {Self-Driving: From General Purpose to Specialized DBMSs},
    booktitle = {Proceedings of the {VLDB} 2018 PhD Workshop},
    year      = {2018},
}


@inproceedings{arulraj16,
    author = {Arulraj, Joy and Pavlo, Andrew and Menon, Prashanth},
    title = {Bridging the Archipelago Between Row-Stores and Column-Stores for Hybrid Workloads},
    booktitle = {Proceedings of the 2016 International Conference on Management of Data},
    series = {SIGMOD '16},
    year = {2016},
    pages = {583--598},
    numpages = {16},
}
@inproceedings{ma18,
    author = {Lin Ma and Dana Van Aken and Ahmed Hefny and Gustavo Mezerhane and Andrew Pavlo and 
        Gordon, Geoffrey J},
    title = {Query-based Workload Forecasting for Self-Driving Database Management Systems},
    booktitle = {Proceedings of the 2018 ACM International Conference on Management of Data},
    series = {SIGMOD '18},
    year = {2018},
}
@inproceedings{vanaken17,
    author = {Van Aken, Dana and Pavlo, Andrew and Gordon, Geoffrey J. and Zhang, Bohan},
    title = {Automatic Database Management System Tuning Through Large-scale Machine Learning},
    booktitle = {Proceedings of the 2017 ACM International Conference on Management of Data},
    series = {SIGMOD '17},
    year = {2017},
    pages = {1009--1024},
    numpages = {16},
}
@article{zhang18-ottertune,
    author = {Bohan Zhang and Dana Van Aken and Justin Wang and Tao Dai and Shuli Jiang and 
        Jacky Lao and Siyuan Sheng and Andrew Pavlo and Geoffrey J. Gordon},
    title = {A Demonstration of the OtterTune Automatic Database Management System Tuning Service},
    journal = {{PVLDB}},
    volume = {11},
    number = {12},
    pages = {1910--1913},
    year = {2018},
}
@article{pavlo11,
    author = {Pavlo, Andrew and Jones, Evan P.C. and Zdonik, Stan},
    title = {On Predictive Modeling for Optimizing Transaction Execution in Parallel OLTP 
        Systems},
    journal = {Proc. VLDB Endow.},
    volume = {5},
    issue = {2},
    month = {October},
    year = {2011},
    pages = {85--96},
    publisher = {VLDB Endowment},
}
@inproceedings{zhang18-icde,
    author    = {Tieying Zhang and Anthony Tomasic and Yangjun Sheng and Andrew Pavlo},
    title     = {Performance of {OLTP} via Intelligent Scheduling},
    booktitle = {ICDE},
    pages     = {1288--1291},
    year      = {2018},
}

@inproceedings{pavlo17,
    author = {Andrew Pavlo and Gustavo Angulo and Joy Arulraj and Haibin Lin and Jiexi Lin and 
        Lin Ma and Prashanth Menon and Todd Mowry and Matthew Perron and Ian Quah and
        Siddharth Santurkar and Anthony Tomasic and Skye Toor and Dana Van Aken and 
        Ziqi Wang and Yingjun Wu and Ran Xian and Tieying Zhang},
    title = {Self-Driving Database Management Systems},
    booktitle = {{CIDR} 2017, Conference on Innovative Data Systems Research},
    year = {2017},
}
@inproceedings{pavlo12,
    author = {Pavlo, Andrew and Curino, Carlo and Zdonik, Stanley},
    title = {{Skew-Aware Automatic Database Partitioning in Shared-Nothing, Parallel OLTP Systems}},
    booktitle = {SIGMOD},
    year = {2012},
    pages = {61--72},
    numpages = {12},
}

@article{abraham13,
    author = {Abraham, Lior and Allen, John and Barykin, Oleksandr and Borkar, Vinayak and 
        Chopra, Bhuwan and Gerea, Ciprian and Merl, Daniel and Metzler, Josh and Reiss, David and 
        Subramanian, Subbu and Wiener, Janet L. and Zed, Okay},
    title = {Scuba: Diving into Data at Facebook},
    journal = {Proc. VLDB Endow.},
    issue_date = {August 2013},
    volume = {6},
    number = {11},
    month = aug,
    year = {2013},
    pages = {1057--1067},
} 

%% -----------------------------------------------
%% WORKLOAD COMPRESSION
%% -----------------------------------------------

@inproceedings{chaudhuri2002compressing,
    title={Compressing sql workloads},
    author={Chaudhuri, Surajit and Gupta, Ashish Kumar and Narasayya, Vivek},
    booktitle={Proceedings of the 2002 ACM SIGMOD international conference on Management of data},
    pages={488--499},
    year={2002},
    organization={ACM}
}

%% -----------------------------------------------
%% PARTITIONING KEY SELECTION
%% -----------------------------------------------
@TechReport{zilio94,
    author = {Daniel C. Zilio and Anant Jhingran and Sriram Padmanabhan},
    title = {Partitioning Key Selection for Shared-Nothing Parallel Database System},
    institution = {IBM Research},
    year = {1994},
    key = {19820},
    number = {87739},
    month = {November},
}
@article{ceri83,
    author = {S. Ceri and S. Navathe and G. Wiederhold},
    title = {Distribution Design of Logical Database Schemas},
    journal = {IEEE Trans. Softw. Eng.},
    volume = {9},
    number = {4},
    year = {1983},
    issn = {0098-5589},
    pages = {487--504},
}
@inproceedings{hammer79,
    author = {Hammer, Michael and Niamir, Bahram},
    title = {A heuristic approach to attribute partitioning},
    booktitle = {SIGMOD},
    year = {1979},
    pages = {93--101},
    location = {Boston, Massachusetts},
}
@inproceedings{curino10,
    author = {Carlo Curino and Evan Jones and Yang Zhang and Samuel Madden},
    title = {Schism: a Workload-Drive Approach to Database Replication and Partitioning},
    booktitle = {VLDB},
    year = {2010},
}
@inproceedings{bassiliades95,
    author = {Bassiliades, N. and Vlahavas, Ioannis P.},
    title = {A Non-Uniform Data Fragmentation Strategy for Parallel Main-Memory Database Systems},
    booktitle = {VLDB},
    year = {1995},
    isbn = {1-55860-379-4},
    pages = {370--381},
}
@article{srivastava94,
    author    = {Jaideep Srivastava and Thomas M. Niccum and Bhaskar Himatsingka},
    title     = {Data Declustering in PADMA: A PArallel Database MAnager},
    journal   = {IEEE Data Eng. Bull.},
    volume    = {17},
    number    = {3},
    year      = {1994},
    pages     = {3--13},
}
@misc{ibm-db2-docs,
    author = {Joyce Coleman and Ronen Grosman},
    title = {{Unlimited Scale-up of {DB2} Using Server-assisted Client Redirect}},
    month = {October},
    year = {2005},
    howpublished = {\url{http://ibm.co/fLR2cH}}
}

%% -----------------------------------------------
%% DATA PLACEMENT/PARTITIONING
%% -----------------------------------------------
@phdthesis{padmanabhan92,
    author = {Sriram Padmanabhan},
    title = {Data placement in shared-nothing parallel database systems},
    year = {1992},
    school = {University of Michigan},
}
@article{mukkamala88,
    author = {Mukkamala, R. and Bruell, S. C. and Shultz, R. K.},
    title = {Design of partially replicated distributed database systems: an integrated methodology},
    journal = {SIGMETRICS Perform. Eval. Rev.},
    volume = {16},
    number = {1},
    year = {1988},
    issn = {0163-5999},
    pages = {187--196},
    doi = {http://doi.acm.org/10.1145/1007771.55617},
}
@article{ghandeharizadeh92,
    author = {Ghandeharizadeh,, Shahram and DeWitt,, David J. and Qureshi,, Waheed},
    title = {A performance analysis of alternative multi-attribute declustering strategies},
    journal = {SIGMOD},
    volume = {21},
    number = {2},
    year = {1992},
    issn = {0163-5808},
    pages = {29--38},
    doi = {http://doi.acm.org/10.1145/141484.130293},
}
@phdthesis{ghandeharizadeh90,
    author = {Ghandeharizadeh, Shahram},
    title = {Physical database design in multiprocessor database systems},
    year = {1990},
    school = {University of Wisconsin-Madison},
}
@article{copeland88,
    author = {Copeland, George and Alexander, William and Boughter, Ellen and Keller, Tom},
    title = {Data Placement in Bubba},
    journal = {SIGMOD},
    volume = {17},
    number = {3},
    year = {1988},
    issn = {0163-5808},
    pages = {99--108},
    doi = {http://doi.acm.org/10.1145/971701.50213},
}
@article{eisner76,
    author = {Eisner, Mark J. and Severance, Dennis G.},
    title = {Mathematical Techniques for Efficient Record Segmentation in Large Shared Databases},
    journal = {J. ACM},
    volume = {23},
    number = {4},
    year = {1976},
    issn = {0004-5411},
    pages = {619--635},
    doi = {http://doi.acm.org/10.1145/321978.321982},
}
@article{mehta97,
    author = {Manish Mehta and David J. DeWitt},
    title = {Data placement in shared-nothing parallel database systems},
    journal = {The VLDB Journal},
    volume = {6},
    number = {1},
    year = {1997},
    issn = {1066-8888},
    pages = {53--72},
    doi = {http://dx.doi.org/10.1007/s007780050033},
}
@article{sacca85,
    author = {Domenico Sacca and Gio Wiederhold},
    title = {Database partitioning in a cluster of processors},
    journal = {ACM Transactions on Database Systems},
    volume = {10},
    number = {1},
    year = {1985},
    issn = {0362-5915},
    pages = {29--56},
    doi = {http://doi.acm.org/10.1145/3148.3161},
}
@article{livny87,
    author = {Miron Livny and Setrag Khoshafian and Haran Boral},
    title = {Multi-disk management algorithms},
    journal = {SIGMETRICS Perform. Eval. Rev.},
    volume = {15},
    number = {1},
    year = {1987},
    issn = {0163-5999},
    pages = {69--77},
    doi = {http://doi.acm.org/10.1145/29904.29914},
}
@inproceedings{eadon08,
    author = {Eadon,, George and Chong,, Eugene Inseok and Shankar,, Shrikanth and Raghavan,, Ananth 
        and Srinivasan,, 
        Jagannathan and Das,, Souripriya},
    title = {Supporting table partitioning by reference in oracle},
    booktitle = {SIGMOD},
    year = {2008},
    isbn = {978-1-60558-102-6},
    pages = {1111--1122},
    location = {Vancouver, Canada},
    doi = {http://doi.acm.org/10.1145/1376616.1376727},
}
@article{scheuermann98,
    author = {Scheuermann, Peter and Weikum, Gerhard and Zabback, Peter},
    title = {Data partitioning and load balancing in parallel disk systems},
    journal = {The VLDB Journal},
    volume = {7},
    number = {1},
    year = {1998},
    issn = {1066-8888},
    pages = {48--66},
    doi = {http://dx.doi.org/10.1007/s007780050053},
}

%% -----------------------------------------------
%% MICROSOFT
%% -----------------------------------------------

@article{das13,
    author = {Das, Sudipto and Agrawal, Divyakant and El Abbadi, Amr},
    title = {ElasTraS: An Elastic, Scalable, and Self-managing Transactional Database for the 
        Cloud},
    journal = {ACM Trans. Database Syst.},
    issue_date = {April 2013},
    volume = {38},
    number = {1},
    month = apr,
    year = {2013},
    pages = {5:1--5:45},
    articleno = {5},
} 

@inproceedings{das16,
    author = {Das, Sudipto and Li, Feng and Narasayya, Vivek R. and K\"{o}nig, Arnd Christian},
    title = {Automated Demand-driven Resource Scaling in Relational Database-as-a-Service},
    booktitle = {Proceedings of the 2016 International Conference on Management of Data},
    series = {SIGMOD '16},
    year = {2016},
    pages = {1923--1934},
    numpages = {12},
}
@inproceedings{chaudhuri00,
    author = {Chaudhuri, Surajit and Weikum, Gerhard},
    title = {Rethinking Database System Architecture: Towards a Self-Tuning {RISC}-Style Database 
        System},
    booktitle = {VLDB},
    year = {2000},
    pages = {1--10},
} 
@inproceedings{agrawal00,
    author = {Sanjay Agrawal and Surajit Chaudhuri and Vivek R. Narasayya},
    title = {Automated Selection of Materialized Views and Indexes in {SQL} Databases},
    booktitle = {VLDB},
    year = {2000},
    isbn = {1-55860-715-3},
}
@inproceedings{agrawal03,
    author = {Sanjay Agrawal and Surajit Chaudhuri and Abhinandan Das and Vivek Narasayya},
    title = {Automating Layout of Relational Databases},
    booktitle = {ICDE},
    year = {2003},
    pages = {607--618}
}
@article{chaudhuri98,
    author = {Surajit Chaudhuri and Vivek Narasayya},
    title = {AutoAdmin ``what-if'' index analysis utility},
    journal = {SIGMOD Rec.},
    volume = {27},
    number = {2},
    year = {1998},
    pages = {367--378},
}
@inproceedings{agrawal04,
    author = {Sanjay Agrawal and Vivek Narasayya and Beverly Yang},
    title = {Integrating vertical and horizontal partitioning into automated physical database 
        design},
    booktitle = {SIGMOD},
    year = {2004},
}
@inproceedings{bruno05,
    author = {Bruno, Nicolas and Chaudhuri, Surajit},
    title = {Automatic physical database tuning: a relaxation-based approach},
    booktitle = {SIGMOD},
    year = {2005},
    isbn = {1-59593-060-4},
    pages = {227--238},
    location = {Baltimore, Maryland},
}
@inproceedings{chaudhuri07,
    author = {Chaudhuri, Surajit and Narasayya, Vivek},
    title = {Self-tuning database systems: a decade of progress},
    booktitle = {VLDB},
    year = {2007},
    isbn = {978-1-59593-649-3},
    pages = {3--14},
    location = {Vienna, Austria},
}
@inproceedings{chaudhuri02,
    author = {Chaudhuri, Surajit and Gupta, Ashish Kumar and Narasayya, Vivek},
    title = {Compressing {SQL} workloads},
    booktitle = {SIGMOD},
    year = {2002},
    isbn = {1-58113-497-5},
    pages = {488--499},
}
@inproceedings{chaudhuri03,
    author = {Chaudhuri, Surajit and Ganesan, Prasanna and Narasayya, Vivek},
    title = {Primitives for workload summarization and implications for {SQL}},
    booktitle = {VLDB},
    year = {2003},
    pages = {730--741},
}
@inproceedings{nehme11,
    author = {Nehme, Rimma and Bruno, Nicolas},
    title = {Automated partitioning design in parallel database systems},
    booktitle = {SIGMOD},
    series = {SIGMOD},
    year = {2011},
    isbn = {978-1-4503-0661-4},
    pages = {1137--1148},
    numpages = {12},
} 

%% -----------------------------------------------
%% IBM
%% -----------------------------------------------

@inproceedings{stillger01,
    author = {Stillger, Michael and Lohman, Guy M. and Markl, Volker and Kandil, Mokhtar},
    title = {{LEO - DB2's LEarning Optimizer}},
    booktitle = {Proceedings of the 27th International Conference on Very Large Data Bases},
    series = {VLDB '01},
    year = {2001},
    pages = {19--28},
} 

@article{lanfranchi03,
    author = {Lanfranchi, G. and Della Peruta, P. and Perrone, A. and Calvanese, D.},
    title = {Toward a New Landscape of Systems Management in an Autonomic Computing Environment},
    journal = {IBM Syst. J.},
    issue_date = {January 2003},
    volume = {42},
    number = {1},
    month = jan,
    year = {2003},
    pages = {119--128},
} 

@phdthesis{zilio98,
    author = {Daniel C. Zilio},
    title = {Physical Database Design Decision Algorithms and Concurrent Reorganization for 
        Parallel Database Systems},
    school = {University of Toronto},
    year = {1998},
}
@inproceedings{valentin00,
    title={{DB2} advisor: an optimizer smart enough to recommend its own indexes},
    author={Valentin, G. and Zuliani, M. and Zilio, D.C. and Lohman, G. and Skelley, A.},
    booktitle={ICDE},
    year={2000},
    pages={101-110},
}
@inproceedings{rao02,
    author = {Jun Rao and Chun Zhang and Nimrod Megiddo and Guy Lohman},
    title = {Automating physical database design in a parallel database},
    booktitle = {SIGMOD},
    year = {2002},
    isbn = {1-58113-497-5},
    pages = {558--569},
}
@inproceedings{zilio04,
    author = {Daniel C. Zilio and Jun Rao and Sam Lightstone and Guy Lohman and Adam Storm and 
        Christian Garcia-Arellano and Scott Fadden},
    title = {{DB2} design advisor: integrated automatic physical database design},
    booktitle = {VLDB},
    year = {2004},
    isbn = {0-12-088469-0},
    pages = {1087--1097},
}

%% -----------------------------------------------
%% DUKE PAPERS
%% -----------------------------------------------
@inproceedings{herodotou11,
    author = {Herodotos Herodotou and Harold Lim and Gang Luo and Nedyalko Borisov and 
        Liang Dong and Fatma Bilgen Cetin and Shivnath Babu},
    title = {Starfish: A Self-tuning System for Big Data Analytics},
    booktitle = {CIDR},
    year = {2011},
    pages = {261--272}
}
@article{duan09,
    author = {Duan, Songyun and Thummala, Vamsidhar and Babu, Shivnath},
    title = {Tuning database configuration parameters with {iTuned}},
    journal = {VLDB},
    volume = {2},
    issue = {1},
    month = {August},
    year = {2009},
    pages = {1246--1257},
}
@inproceedings{babu09,
    author = {Babu, Shivnath and Borisov, Nedyalko and Duan, Songyun and Herodotou, Herodotos and 
        Thummala, Vamsidhar},
    title = {Automated Experiment-driven Management of (Database) Systems},
    series = {HotOS},
    year = {2009},
} 

%% -----------------------------------------------
%% CONF TUNERS
%% -----------------------------------------------

@misc{mysql-tuning-primer,
    title = {{MySQL Tuning Primer Script}},
    howpublished = {\url{https://launchpad.net/mysql-tuning-primer}},
}
@misc{postgres-pgtune,
    title = {{PostgreSQL Configuration Wizard}},
    howpublished = {\url{https://pgtune.leopard.in.ua}},
}

@article{bernstein98,
    title = {The Asilomar report on database research},
    author = {Bernstein, Phil and Brodie, Michael and Ceri, Stefano and DeWitt, David and
        Franklin, Mike and Garcia-Molina, Hector and Gray, Jim and Held, Jerry and 
        Hellerstein, Joe and Jagadish, HV and others},
    journal={SIGMOD record},
    volume={27},
    number={4},
    pages={74--80},
    year={1998},
}
@inproceedings{sullivan04,
    author = {Sullivan, David G. and Seltzer, Margo I. and Pfeffer, Avi},
    title = {Using Probabilistic Reasoning to Automate Software Tuning},
    series = {SIGMETRICS},
    year = {2004},
    pages = {404--405},
}
@inproceedings{storm06,
    author = {Storm, Adam J. and Garcia-Arellano, Christian and Lightstone, Sam S. and Diao, Yixin 
        and Surendra, M.},
    title = {Adaptive Self-tuning Memory in {DB2}},
    booktitle = {VLDB},
    year = {2006},
    pages = {1081--1092},
} 
@article{tran08,
    author = {Tran, Dinh Nguyen and Huynh, Phung Chinh and Tay, Y. C. and Tung, Anthony K. H.},
    title = {A New Approach to Dynamic Self-tuning of Database Buffers},
    journal = {Trans. Storage},
    issue_date = {May 2008},
    volume = {4},
    number = {1},
    month = may,
    year = {2008},
    pages = {3:1--3:25},
    articleno = {3},
} 
@techreport{ibmdb02,
    author = {Eva Kwan and Sam Lightstone and Adam Storm and Leanne Wu},
    title = {Automatic Configuration for {IBM DB2} Universal Database},
    institution = {IBM},
    year = {2002},
    month = {jan},
}
@inproceedings{debnath08,
    author={Debnath, B.K. and Lilja, D.J. and Mokbel, M.F.},
    booktitle={ICDEW},
    title={{SARD}: A statistical approach for ranking database tuning parameters},
    year={2008},
    pages={11--18},
}
@inproceedings{xi04,
    author = {Xi, Bowei and Liu, Zhen and Raghavachari, Mukund and Xia, Cathy H. and Zhang, Li},
    title = {A Smart Hill-climbing Algorithm for Application Server Configuration},
    booktitle = {WWW},
    year = {2004},
    pages = {287--296},
}
@inproceedings{tian03,
    author = {Tian, Wenhu and Martin, Pat and Powley, Wendy},
    title = {Techniques for Automatically Sizing Multiple Buffer Pools in {DB2}},
    booktitle = {CASCON},
    year = {2003},
    pages = {294--302},
}
@article{feitelson99,
    author = {Feitelson, Dror G. and Naaman, Michael},
    title = {Self-Tuning Systems},
    journal = {IEEE Softw.},
    volume = {16},
    number = {2},
    month = mar,
    year = {1999},
    pages = {52--60},
} 
@inproceedings{brown96,
    author = {Brown, Kurt P. and Carey, Michael J. and Livny, Miron},
    title = {Goal-oriented Buffer Management Revisited},
    booktitle = {SIGMOD},
    year = {1996},
    pages = {353--364},
}
@article{weikum94,
    author = {Weikum, Gerhard and Hasse, Christof and M\"{o}nkeberg, Axel and Zabback, Peter},
    title = {The {COMFORT} automatic tuning project},
    journal = {Information Systems},
    volume = {19},
    number = {5},
    month = jul,
    year = {1994},
    pages = {381--432},
}
@inproceedings{brewer95,
    author = {Brewer, Eric A.},
    title = {High-level Optimization via Automated Statistical Modeling},
    booktitle = {PPOPP},
    year = {1995},
    pages = {80--91},
}
@inproceedings{soror08,
    author = {Soror, Ahmed A. and Minhas, Umar Farooq and Aboulnaga, Ashraf and Salem, Kenneth and 
        Kokosielis, Peter and Kamath, Sunil},
    title = {Automatic Virtual Machine Configuration for Database Workloads},
    booktitle = {SIGMOD},
    year = {2008},
    pages = {953--966},
}
@inproceedings{dias05,
    author = {Karl Dias and Mark Ramacher and Uri Shaft and Venkateshwaran Venkataramani and Graham 
        Wood},
    title = {Automatic Performance Diagnosis and Tuning in Oracle},
    booktitle = {CIdR},
    year = {2005},
}
@misc{kumar03,
    author = {Sushil Kumar},
    title = {{Oracle Database 10g}: The Self-Managing Database},
    year = {2003},
    month = nov,
    note = {{White Paper}},
}
@inproceedings{belknap09,
    author = {Belknap, P. and Dageville, B. and Dias, K. and Yagoub, K.},
    booktitle = {ICDE},
    title = {Self-Tuning for {SQL} Performance in {Oracle Database 11g}},
    year = {2009},
    pages = {1694--1700},
}
@article{yagoub08,
    author = {Khaled Yagoub and Pete Belknap and Benoit Dageville and Karl Dias and Shantanu Joshi 
        and Hailing Yu},
    title = {Oracle's SQL Performance Analyzer},
    journal = {IEEE Data Engineering Bulletin},
    volume = {31},
    number = {1},
    year = {2008},
}
@inproceedings{narayanan05,
    author = {Narayanan, Dushyanth and Thereska, Eno and Ailamaki, Anastassia},
    title = {Continuous Resource Monitoring for Self-predicting {DBMS}},
    booktitle = {MASCOTS},
    year = {2005},
    pages = {239--248},
}
@inproceedings{benoit05,
    author = {G. Benoit, Darcy},
    title = {Automatic Diagnosis of Performance Problems in Database Management Systems},
    booktitle = {ICAC},
    year = {2005},
    pages = {326--327},
}
@article{rosenberg06,
    author = {Alex Rosenberg},
    title = {Improving Query Performance in Data Warehouses},
    journal = {Business Intelligence Journal},
    volume = {11},
    issue = {1},
    year = {2006},
    month = jan,
}
@book{hicks97,
    author = {Hicks, Charles R. and Turner, Kenneth V.},
    title = {Fundamental Concepts in the Design of Experiments},
    edition = {5},
    month = mar,
    publisher = {Oxford University Press},
    year = {1997}
}
@techreport{kwan02,
    author = {Eva Kwan and Sam Lightstone and Adam Storm and Leanne Wu},
    title = {Automatic Configuration for {IBM DB2} Universal Database},
    institution = {IBM},
    year = {2002},
    month = {jan},
}

@misc{oracle-selfdriving,
    title = {{Oracle Self-Driving Database}},
    howpublished = {\url{https://www.oracle.com/database/autonomous-database/index.html}}
}

%% -----------------------------------------------
%% INDEX SELECTION
%% -----------------------------------------------
@inproceedings{chaudhuri97,
    author = {Chaudhuri, Surajit and Narasayya, Vivek R.},
    title = {An Efficient Cost-Driven Index Selection Tool for Microsoft {SQL} Server},
    booktitle = {VLDB},
    year = {1997},
    isbn = {1-55860-470-7},
    pages = {146--155},
}
@article{ip83,
    author = {Ip, M. Y. L. and Saxton, L. V. and Raghavan, V. V.},
    title = {On the Selection of an Optimal Set of Indexes},
    journal = {IEEE Trans. Softw. Eng.},
    volume = {9},
    number = {2},
    year = {1983},
    pages = {135--143},
}
@inproceedings{gupta97,
    author = {Gupta, Himanshu and Harinarayan, Venky and Rajaraman, Anand and Ullman, Jeffrey D.},
    title = {Index Selection for OLAP},
    booktitle = {ICDE},
    year = {1997},
    isbn = {0-8186-7807-0},
    pages = {208--219},
}
@inproceedings{hammer76,
    author = {Hammer, Michael and Chan, Arvola},
    title = {Index selection in a self-adaptive data base management system},
    booktitle = {SIGMOD},
    year = {1976},
    pages = {1--8},
}
@inproceedings{frank92,
    author = {Frank, Martin R. and Omiecinski, Edward and Navathe, Shamkant B.},
    title = {Adaptive and Automated Index Selection in {RDBMS}},
    booktitle = {EDBT},
    year = {1992},
    isbn = {3-540-55270-7},
    pages = {277--292},
}

%% -----------------------------------------------
%% MISC DB DESIGNING
%% -----------------------------------------------
@inproceedings{idreos07-cracking,
    author    = {Stratos Idreos and Martin L. Kersten and Stefan Manegold},
    title     = {Database Cracking},
    booktitle = {{CIDR} 2007, Third Biennial Conference on Innovative Data Systems
        Research, Asilomar, CA, USA, January 7-10, 2007, Online Proceedings},
    pages     = {68--78},
    year      = {2007},
}

@inproceedings{idreos07,
    author = {Idreos, Stratos and Kersten, Martin L. and Manegold, Stefan},
    title = {Updating a cracked database},
    booktitle = {SIGMOD '07},
    year = {2007},
    isbn = {978-1-59593-686-8},
    pages = {413--424},
} 
@inproceedings{gruenwald90,
    author = {Gruenwald, L. and Eich, M. H.},
    title = {Choosing the best storage technique for a main memory database system},
    booktitle = {JCIT'90},
    year = {1990},
    isbn = {0-8186-2078-1},
    pages = {1--10},
    location = {Jerusalem, Israel},
}
@inproceedings{gruenwald90-02,
    author = {Gruenwald, L. and Eich, M. H.},
    title = {Database Partitioning Techniques To Support Reload In A Main Memory Database System: 
        {MARS}},
    booktitle = {International Conference on Parallel Processing and Databases},
    year = {1990},
    month = {March},
    pages = {107--109},
}
@Article{gruenwald93,
    author = {Gruenwald, L. and Eich, M. H.},
    title = {Selecting a Database Partitioning Technique},
    journal = {Journal of Database Management},
    year = {1993},
    volume = {4},
    number = {3},
    pages = {27--39},
}
@inproceedings{cheng93,
    author = {Cheng, Yu Chin and Gruenwald, Le and Ingels, Greg and Thakkar, M. T.},
    title = {Evaluating Partitioning Techniques for Main Memory Database: Horizontal and Single 
        Vertical},
    booktitle = {ICCI},
    year = {1993},
    isbn = {0-8186-4212-2},
    pages = {570--574},
}
@article{ji02,
    author = {Ji, Minwen},
    title = {Affinity-based management of main memory database clusters},
    journal = {ACM Trans. Internet Technol.},
    volume = {2},
    number = {4},
    year = {2002},
    issn = {1533-5399},
    pages = {307--339},
    doi = {http://doi.acm.org/10.1145/604596.604599},
}

@article{graefe93,
    author = {Graefe, Goetz},
    title = {Options in physical database design},
    journal = {SIGMOD Record},
    volume = {22},
    number = {3},
    year = {1993},
    issn = {0163-5808},
    pages = {76--83},
    doi = {http://doi.acm.org/10.1145/163090.163100},
}
@inproceedings{rozen91,
    author = {Rozen, Steve and Shasha, Dennis},
    title = {A Framework for Automating Physical Database Design},
    booktitle = {VLDB},
    year = {1991},
    isbn = {1-55860-150-3},
    pages = {401--411},
}
@inproceedings{blankinship91,
    author = {Blankinship, Rex and Hevner, Alan R. and Yao, S. Bing},
    title = {An Iterative Method for Distributed Database Design},
    booktitle = {VLDB},
    year = {1991},
    isbn = {1-55860-150-3},
    pages = {389--400},
}
@article{finkelstein88,
    author = {Finkelstein, S. and Schkolnick, M. and Tiberio, P.},
    title = {Physical database design for relational databases},
    journal = {ACM Trans. Database Syst.},
    volume = {13},
    number = {1},
    year = {1988},
    issn = {0362-5915},
    pages = {91--128},
    doi = {http://doi.acm.org/10.1145/42201.42205},
}
@INPROCEEDINGS{papadomanolakis04,
    author = {Stratos Papadomanolakis and Anastassia Ailamaki},
    title = {Autopart: Automating schema design for large scientific databases using data 
        partitioning},
    booktitle = {SSDBM},
    year = {2004},
}
@inproceedings{alagiannis14,
    author = {Alagiannis, Ioannis and Idreos, Stratos and Ailamaki, Anastasia},
    title = {H2O: A Hands-free Adaptive Store},
    booktitle = {Proceedings of the 2014 ACM SIGMOD International Conference on Management of Data},
    series = {SIGMOD '14},
    year = {2014},
    pages = {1103--1114},
} 

%% -----------------------------------------------
%% SELF-ADAPTIVE SYSTEMS
%% -----------------------------------------------

@article{hudson89,
    author = {Hudson, Scott E. and King, Roger},
    title = {Cactis: A Self-adaptive, Concurrent Implementation of an Object-oriented Database 
        Management System},
    journal = {ACM Trans. Database Syst.},
    issue_date = {Sept. 1989},
    volume = {14},
    number = {3},
    month = sep,
    year = {1989},
    pages = {291--321},
} 

@incollection{cheng2009software,
    author = {Cheng, Betty H. and Lemos, Rog{\'e}rio and Giese, Holger and Inverardi, Paola and Magee, 
        Jeff and Andersson, Jesper and Becker, Basil and Bencomo, Nelly and Brun, Yuriy and Cukic, Bojan and 
        Marzo Serugendo, Giovanna and Dustdar, Schahram and Finkelstein, Anthony and Gacek, Cristina and 
        Geihs, Kurt and Grassi, Vincenzo and Karsai, Gabor and Kienle, Holger M. and Kramer, Jeff and 
        Litoiu, Marin and Malek, Sam and Mirandola, Raffaela and M\"{u}ller, Hausi A. and Park, Sooyong and 
        Shaw, Mary and Tichy, Matthias and Tivoli, Massimo and Weyns, Danny and Whittle, Jon},
    title = {Software Engineering for Self-Adaptive Systems: A Research Roadmap},
    booktitle = {Software Engineering for Self-Adaptive Systems},
    year = {2009},
    pages = {1--26},
    publisher = {Springer-Verlag},
} 

@incollection{de2013software,
    title={Software engineering for self-adaptive systems: A second research roadmap},
    author={De Lemos, Rog{\'e}rio and Giese, Holger and M{\"u}ller, Hausi A and Shaw, Mary and 
        Andersson, Jesper and Litoiu, Marin and Schmerl, Bradley and Tamura, Gabriel and Villegas, Norha M 
        and Vogel, Thomas and others},
    booktitle={Software Engineering for Self-Adaptive Systems II},
    pages={1--32},
    year={2013},
    publisher={Springer}
}

@article{kephart2003vision,
    title={The vision of autonomic computing},
    author={Kephart, Jeffrey O and Chess, David M},
    journal={Computer},
    number={1},
    pages={41--50},
    year={2003},
    publisher={IEEE}
}

@article{garlan2004rainbow,
    title={Rainbow: Architecture-based self adaptation with reusable infrastructure},
    author={Garlan, David and Cheng, Shang-Wen and Huang, An-Cheng and Schmerl, Bradley and 
        Steenkiste, Peter},
    journal={Computer Science Department},
    pages={668},
    year={2004}
}

@article{cheng2012stitch,
    title={Stitch: A language for architecture-based self-adaptation},
    author={Cheng, Shang-Wen and Garlan, David},
    journal={Journal of Systems and Software},
    volume={85},
    number={12},
    pages={2860--2875},
    year={2012},
    publisher={Elsevier}
}

@inproceedings{yuan2013architecture,
    title={Architecture-based self-protecting software systems},
    author={Yuan, Eric and Malek, Sam and Schmerl, Bradley and Garlan, David and Gennari, Jeff},
    booktitle={Proceedings of the 9th international ACM Sigsoft conference on Quality of software 
        architectures},
    pages={33--42},
    year={2013},
    organization={ACM}
}

@inproceedings{moreno2015proactive,
    title={Proactive self-adaptation under uncertainty: a probabilistic model checking approach},
    author={Moreno, Gabriel A and C{\'a}mara, Javier and Garlan, David and Schmerl, Bradley},
    booktitle={Proceedings of the 2015 10th joint meeting on foundations of software engineering},
    pages={1--12},
    year={2015},
    organization={ACM}
}

@article{camara2017robustness,
    title={Robustness-Driven Resilience Evaluation of Self-Adaptive Software Systems},
    author={Camara, Javier and de Lemos, Rogerio and Laranjeiro, Nuno and Ventura, Rafael and Vieira, 
        Marco},
    journal={IEEE Transactions on Dependable and Secure Computing},
    volume={14},
    number={1},
    pages={50--64},
    year={2017},
    publisher={IEEE Computer Society Press}
}

@inproceedings{idreos18,
    author = {Idreos, Stratos and Zoumpatianos, Kostas and Hentschel, Brian and 
        Kester, Michael S. and Guo, Demi},
    title = {The Data Calculator: Data Structure Design and Cost Synthesis from First Principles 
        and Learned Cost Models},
    booktitle = {Proceedings of the 2018 International Conference on Management of Data},
    series = {SIGMOD '18},
    year = {2018},
    pages = {535--550},
    numpages = {16},
    doi = {10.1145/3183713.3199671},
}

@inproceedings{levin82,
    author = {Levin, K. Dan},
    title = {Adaptive Structuring of Distributed Databases},
    booktitle = {National Computer Conference},
    series = {AFIPS '82},
    year = {1982},
    pages = {691--696},
} 

@article{yu85,
    author = {Yu, C. T. and Suen, Cheing-mei and Lam, K. and Siu, M. K.},
    title = {Adaptive Record Clustering},
    journal = {ACM Trans. Database Syst.},
    issue_date = {June 1985},
    volume = {10},
    number = {2},
    month = jun,
    year = {1985},
    pages = {180--204},
} 

@inproceedings{hammer77,
    author = {Hammer, Michael},
    title = {Self-adaptive Automatic Data Base Design},
    booktitle = {National Computer Conference},
    series = {AFIPS '77},
    year = {1977},
    pages = {123--129},
    numpages = {7},
} 

%% -----------------------------------------------
%% AUTONOMIC
%% -----------------------------------------------

@inproceedings{roy11,
    author = {Roy, Nilabja and Dubey, Abhishek and Gokhale, Aniruddha},
    title = {Efficient Autoscaling in the Cloud Using Predictive Models for Workload Forecasting},
    booktitle = {Proceedings of the 2011 IEEE 4th International Conference on Cloud Computing},
    series = {CLOUD '11},
    year = {2011},
    pages = {500--507},
} 

@inproceedings{rogers10,
    author={Rogers, J. and Papaemmanouil, O. and Cetintemel, U.},
    title={A generic auto-provisioning framework for cloud databases},
    booktitle={Data Engineering Workshops (ICDEW), 2010 IEEE 26th International Conference on},
    year={2010},
    month={March},
    pages={63--68},
}


@inproceedings{cecchet11,
    author = {Cecchet, Emmanuel and Singh, Rahul and Sharma, Upendra and Shenoy, Prashant},
    title = {Dolly: Virtualization-driven Database Provisioning for the Cloud},
    series = {VEE '11},
    year = {2011},
    pages = {51--62},
}
@inproceedings{kephart05,
    author = {Kephart, Jeffrey O.},
    title = {Research Challenges of Autonomic Computing},
    series = {ICSE '05},
    year = {2005},
    pages = {15--22},
} 
@inproceedings{weikum02,
    author = {Weikum, Gerhard and Moenkeberg, Axel and Hasse, Christof and Zabback, Peter},
    title = {Self-tuning Database Technology and Information Services: From Wishful Thinking to 
        Viable Engineering},
    booktitle = {Proceedings of the 28th International Conference on Very Large Data Bases},
    series = {VLDB '02},
    year = {2002},
    pages = {20--31},
} 

@inproceedings{wiese08,
    author = {Wiese, David and Rabinovitch, Gennadi and Reichert, Michael and Arenswald, Stephan},
    title = {Autonomic Tuning Expert: A Framework for Best-practice Oriented Autonomic Database 
        Tuning},
    booktitle = {Proceedings of the 2008 Conference of the Center for Advanced Studies on 
        Collaborative Research: Meeting of Minds},
    series = {CASCON '08},
    year = {2008},
    pages = {3:27--3:41},
    articleno = {3},
    numpages = {15},
} 
@inproceedings{abdelwahed04,
    author = {Abdelwahed, Sherif and Kandasamy, Nagarajan and Neema, Sandeep},
    title = {A Control-based Framework for Self-managing Distributed Computing Systems},
    booktitle = {Proceedings of the 1st ACM SIGSOFT Workshop on Self-managed Systems},
    series = {WOSS '04},
    year = {2004},
    pages = {3--7},
} 

@inproceedings{kadioglu10,
    author = {Kadioglu, Serdar and Malitsky, Yuri and Sellmann, Meinolf and Tierney, Kevin},
    title = {ISAC -- Instance-Specific Algorithm Configuration},
    booktitle = {ECAI},
    year = {2010},
    pages = {751--756},
    numpages = {6},
}
@article{xu08,
    author = {Xu, Lin and Hutter, Frank and Hoos, Holger H. and Leyton-Brown, Kevin},
    title = {SATzilla: portfolio-based algorithm selection for SAT},
    journal = {J. Artif. Int. Res.},
    volume = {32},
    issue = {1},
    month = {June},
    year = {2008},
    issn = {1076-9757},
    pages = {565--606},
}
%% -----------------------------------------------
%% DEEP LEARNING STUFF
%% -----------------------------------------------

@inproceedings{agrawal13,
    author = {Agrawal, Shipra and Goyal, Navin},
    title = {Thompson Sampling for Contextual Bandits with Linear Payoffs},
    series = {ICML'13},
    year = {2013},
    pages = {III-1220--III-1228},
} 


@article{hussein17,
    author = {Hussein, Ahmed and Gaber, Mohamed Medhat and Elyan, Eyad and Jayne, Chrisina},
    title = {Imitation Learning: A Survey of Learning Methods},
    journal = {ACM Comput. Surv.},
    issue_date = {June 2017},
    volume = {50},
    number = {2},
    month = apr,
    year = {2017},
    pages = {21:1--21:35},
    articleno = {21},
    numpages = {35},
    doi = {10.1145/3054912},
} 



@inproceedings{silver14,
    author = {Silver, David and Lever, Guy and Heess, Nicolas and Degris, Thomas and 
        Wierstra, Daan and Riedmiller, Martin},
    title = {Deterministic Policy Gradient Algorithms},
    series = {ICML'14},
    year = {2014},
    pages = {I-387--I-395},
} 

@inproceedings{zaheer17,
    author    = {Manzil Zaheer and Satwik Kottur and Siamak Ravanbakhsh and
        Barnab{\'{a}}s P{\'{o}}czos and Ruslan R. Salakhutdinov and Alexander J. Smola},
    title     = {Deep Sets},
    booktitle = {Advances in Neural Information Processing Systems},
    pages     = {3394--3404},
    year      = {2017},
}

@article{arulkumaran17,
    author    = {Kai Arulkumaran and
        Marc Peter Deisenroth and
        Miles Brundage and
        Anil Anthony Bharath},
    title     = {A Brief Survey of Deep Reinforcement Learning},
    journal   = {CoRR},
    volume    = {abs/1708.05866},
    year      = {2017},
    url       = {http://arxiv.org/abs/1708.05866},
    archivePrefix = {arXiv},
}

@inbook{basu15,
    author="Basu, Debabrota and Lin, Qian and Chen, Weidong and Vo, Hoang Tam and Yuan, Zihong and 
    Senellart, Pierre and Bressan, St{\'e}phane",
    title="Cost-Model Oblivious Database Tuning with Reinforcement Learning",
    bookTitle="Database and Expert Systems Applications",
    year="2015",
    pages="253--268",
}

@inproceedings{gupta08,
    author = {Gupta, Chetan and Mehta, Abhay and Dayal, Umeshwar},
    title = {{PQR: Predicting Query Execution Times for Autonomous Workload Management}},
    booktitle = {ICAC},
    year = {2008},
    pages = {13--22},
    numpages = {10},
}

@article{marcus19-perf,
    author    = {Ryan Marcus and Olga Papaemmanouil},
    title     = {Plan-Structured Deep Neural Network Models for Query Performance Prediction},
    journal   = {CoRR},
    volume    = {abs/1902.00132},
    year      = {2019},
    url       = {http://arxiv.org/abs/1902.00132},
    archivePrefix = {arXiv},
}
@inproceedings{marcus19-opt,
    author    = {Ryan Marcus and Olga Papaemmanouil},
    title     = {Towards a Hands-Free Query Optimizer through Deep Learning},
    booktitle = {{CIDR} 2019, 9th Biennial Conference on Innovative Data Systems Research},
    year      = {2019},
}

@book{hastie01,
    Author = {T.Hastie and R.Tibshirani and J.Friedman},
    Publisher = {Springer},
    Title = {The Elements of Statistical Learning},
    Year = {2001}
}

@inproceedings{ganapathi09,
    title={Predicting multiple metrics for queries: Better decisions enabled by machine learning},
    author={Ganapathi, Archana and Kuno, Harumi and Dayal, Umeshwar and Wiener, Janet L and Fox, 
        Armando and Jordan, Michael and Patterson, David},
    booktitle={International Conference on Data Engineering},
    pages={592--603},
    year={2009},
    organization={IEEE}
}

@article{sharma18,
    author    = {Ankur Sharma and Felix Martin Schuhknecht and Jens Dittrich},
    title     = {The Case for Automatic Database Administration using Deep Reinforcement
        Learning},
    journal   = {CoRR},
    volume    = {abs/1801.05643},
    year      = {2018},
    url       = {http://arxiv.org/abs/1801.05643},
    archivePrefix = {arXiv},
}

@inproceedings{ortiz18,
    author = {Ortiz, Jennifer and Balazinska, Magdalena and Gehrke, Johannes and 
        Keerthi, S. Sathiya},
    title = {Learning State Representations for Query Optimization with Deep Reinforcement 
        Learning},
    series = {DEEM'18},
    year = {2018},
    pages = {4:1--4:4},
    articleno = {4},
    numpages = {4},
    url = {http://doi.acm.org/10.1145/3209889.3209890},
}

@article{ivanov17,
    author    = {Oleg Ivanov and Sergey Bartunov},
    title     = {Adaptive Cardinality Estimation},
    journal   = {CoRR},
    volume    = {abs/1711.08330},
    year      = {2017},
    url       = {http://arxiv.org/abs/1711.08330},
    archivePrefix = {arXiv},
}

@inproceedings{liu15,
    author = {Liu, Henry and Xu, Mingbin and Yu, Ziting and Corvinelli, Vincent and 
        Zuzarte, Calisto},
    title = {Cardinality Estimation Using Neural Networks},
    series = {CASCON '15},
    year = {2015},
    pages = {53--59},
    numpages = {7},
    url = {http://dl.acm.org/citation.cfm?id=2886444.2886453},
} 

@article{wang16,
    author = {Wang, Wei and Zhang, Meihui and Chen, Gang and Jagadish, H. V. and Ooi, Beng Chin 
        and Tan, Kian-Lee},
    title = {Database Meets Deep Learning: Challenges and Opportunities},
    journal = {SIGMOD Rec.},
    issue_date = {June 2016},
    volume = {45},
    number = {2},
    month = sep,
    year = {2016},
    pages = {17--22},
    numpages = {6},
    url = {http://doi.acm.org/10.1145/3003665.3003669},
} 

@inproceedings{durand18,
    author = {Durand, Gabriel Campero and Pinnecke, Marcus and Piriyev, Rufat and 
        Mohsen, Mahmoud and Broneske, David and Saake, Gunter and Sekeran, Maya S. and 
        Rodriguez, Fabi\'{a}n and Balami, Laxmi},
    title = {GridFormation: Towards Self-Driven Online Data Partitioning Using Reinforcement 
        Learning},
    series = {aiDM'18},
    year = {2018},
    pages = {1:1--1:7},
    articleno = {1},
    numpages = {7},
    url = {http://doi.acm.org/10.1145/3211954.3211956},
} 

@inproceedings{marcus18,
    author    = {Ryan Marcus and Olga Papaemmanouil},
    title     = {Deep Reinforcement Learning for Join Order Enumeration},
    booktitle = {aiDM@SIGMOD},
    pages     = {3:1--3:4},
    year      = {2018},
}

@inproceedings{sheng19,
    author    = {Yangjun Sheng and Anthony Tomasic and Tieying Zhang and Andrew Pavlo},
    title     = {Scheduling {OLTP} transactions via learned abort prediction},
    booktitle = {aiDM@SIGMOD},
    pages     = {1:1--1:8},
    year      = {2019},
}

@article{marcus19,
    author    = {Ryan Marcus and Parimarjan Negi and Hongzi Mao and Chi Zhang and 
        Mohammad Alizadeh and Tim Kraska and Olga Papaemmanouil and Nesime Tatbul},
    title     = {Neo: {A} Learned Query Optimizer},
    journal   = {CoRR},
    volume    = {abs/1904.03711},
    year      = {2019},
    url       = {http://arxiv.org/abs/1904.03711},
    archivePrefix = {arXiv},
}


@inproceedings{woltmann19,
    author    = {Lucas Woltmann and Claudio Hartmann and Maik Thiele and Dirk Habich and
        Wolfgang Lehner},
    title     = {Cardinality estimation with local deep learning models},
    booktitle = {aiDM@SIGMOD},
    pages     = {5:1--5:8},
    year      = {2019},
}

@inproceedings{hilprecht19,
    author    = {Benjamin Hilprecht and Carsten Binnig and Uwe R{\"{o}}hm},
    title     = {Towards learning a partitioning advisor with deep reinforcement learning},
    booktitle = {aiDM@SIGMOD},
    pages     = {6:1--6:4},
    year      = {2019},
}

@inproceedings{kipf19,
    author    = {Andreas Kipf and Thomas Kipf and Bernhard Radke and Viktor Leis and
        Peter A. Boncz and Alfons Kemper},
    title     = {Learned Cardinalities: Estimating Correlated Joins with Deep Learning},
    booktitle = {{CIDR}},
    year      = {2019},
}

%%%
%%% - user experience
%%%

@article{allen1999mixed,
    title={Mixed-initiative interaction},
    author={Allen, JE and Guinn, Curry I and Horvtz, E},
    journal={IEEE Intelligent Systems and their Applications},
    volume={14},
    number={5},
    pages={14--23},
    year={1999},
    publisher={IEEE}
}

@inproceedings{horvitz1999principles,
    title={Principles of mixed-initiative user interfaces},
    author={Horvitz, Eric},
    booktitle={Proceedings of the SIGCHI conference on Human Factors in Computing Systems},
    pages={159--166},
    year={1999},
    organization={ACM}
}

@misc{sae-j3016,
    author = {SAE International},
    title = {Surface Vehicle Recommended Practice},
    year = {2018},
    doi = {https://doi.org/10.4271/J3016_201806},
}

%% For some reason this causes errors??
%% misc(sae-j3016,
%%   title = {Surface Vehicle Recommended Practice},
%%   author = {SAE international},
%%  howpublished = {\url{https://www.sae.org/standards/content/j3016_201806/}},
%% }
