@inproceedings{DBLP:conf/www/Amer-YahiaR15,
  author    = {Sihem Amer{-}Yahia and
               Senjuti Basu Roy},
  title     = {From Complex Object Exploration to Complex Crowdsourcing},
  booktitle = {Proceedings of the 24th International Conference on World Wide Web
               Companion, {WWW} 2015, Florence, Italy, May 18-22, 2015 - Companion
               Volume},
  pages     = {1531--1532},
  year      = {2015},
  crossref  = {DBLP:conf/www/2015c},
  url       = {http://doi.acm.org/10.1145/2740908.2741994},
  doi       = {10.1145/2740908.2741994},
  timestamp = {Mon, 25 May 2015 18:38:50 +0200},
  biburl    = {http://dblp.uni-trier.de/rec/bib/conf/www/Amer-YahiaR15},
  bibsource = {dblp computer science bibliography, http://dblp.org}
}



@article{carter1994gibbs,
  title={On Gibbs sampling for state space models},
  author={Carter, Chris K and Kohn, Robert},
  journal={Biometrika},
  volume={81},
  number={3},
  pages={541--553},
  year={1994},
  publisher={Biometrika Trust}
}

@inproceedings{liu2014framework,
  title={A framework to recommend interventions for 30-day heart failure readmission risk},
  author={Liu, Rui and Zolfaghar, Kiyana and Chin, Si-chi and Roy, Senjuti Basu and Teredesai, Ankur},
  booktitle={2014 IEEE International Conference on Data Mining},
  pages={911--916},
  year={2014},
  organization={IEEE}
}


@inproceedings{papadimitriou1988optimization,
  title={Optimization, approximation, and complexity classes},
  author={Papadimitriou, Christos and Yannakakis, Mihalis},
  booktitle={Proceedings of the twentieth annual ACM symposium on Theory of computing},
  pages={229--234},
  year={1988},
  organization={ACM}
}

@inproceedings{DBLP:conf/www/Amer-YahiaR15,
  author    = {Sihem Amer{-}Yahia and
               Senjuti Basu Roy},
  title     = {From Complex Object Exploration to Complex Crowdsourcing},
  booktitle = {Proceedings of the 24th International Conference on World Wide Web
               Companion, {WWW} 2015, Florence, Italy, May 18-22, 2015 - Companion
               Volume},
  pages     = {1531--1532},
  year      = {2015},
  crossref  = {DBLP:conf/www/2015c},
  url       = {http://doi.acm.org/10.1145/2740908.2741994},
  doi       = {10.1145/2740908.2741994},
  timestamp = {Mon, 25 May 2015 18:38:50 +0200},
  biburl    = {http://dblp.uni-trier.de/rec/bib/conf/www/Amer-YahiaR15},
  bibsource = {dblp computer science bibliography, http://dblp.org}
}

@inproceedings{hoi2006batch,
  title={Batch mode active learning and its application to medical image classification},
  author={Hoi, Steven CH and Jin, Rong and Zhu, Jianke and Lyu, Michael R},
  booktitle={Proceedings of the 23rd international conference on Machine learning},
  pages={417--424},
  year={2006},
  organization={ACM}
}


@inproceedings{lewis1994heterogeneous,
  title={Heterogeneous uncertainty sampling for supervised learning},
  author={Lewis, David D and Catlett, Jason},
  booktitle={Proceedings of the eleventh international conference on machine learning},
  pages={148--156},
  year={1994}
}


@inproceedings{non-active-learning1,
  title={Flock: Hybrid crowd-machine learning classifiers},
  author={Cheng, Justin and Bernstein, Michael S},
  booktitle={Proceedings of the 18th ACM Conference on Computer Supported Cooperative Work \& Social Computing},
  pages={600--611},
  year={2015},
  organization={ACM}
}

@inproceedings{bellare2012active,
  title={Active sampling for entity matching},
  author={Bellare, Kedar and Iyengar, Suresh and Parameswaran, Aditya G and Rastogi, Vibhor},
  booktitle={Proceedings of the 18th ACM SIGKDD international conference on Knowledge discovery and data mining},
  pages={1131--1139},
  year={2012},
  organization={ACM}
}

@inproceedings{kddcrowd,
  title={Evaluating the crowd with confidence},
  author={Joglekar, Manas and Garcia-Molina, Hector and Parameswaran, Aditya},
  booktitle={Proceedings of the 19th ACM SIGKDD international conference on Knowledge discovery and data mining},
  pages={686--694},
  year={2013},
  organization={ACM}
}


@article{repeated-labeling,
  title={Repeated labeling using multiple noisy labelers},
  author={Ipeirotis, Panagiotis G and Provost, Foster and Sheng, Victor S and Wang, Jing},
  journal={Data Mining and Knowledge Discovery},
  volume={28},
  number={2},
  pages={402--441},
  year={2014},
  publisher={Springer}
}

@inproceedings{whitehill,
  title={Whose vote should count more: Optimal integration of labels from labelers of unknown expertise},
  author={Whitehill, Jacob and Wu, Ting-fan and Bergsma, Jacob and Movellan, Javier R and Ruvolo, Paul L},
  booktitle={Advances in neural information processing systems},
  pages={2035--2043},
  year={2009}
}


@article{al-svm,
  title={Support vector machine active learning with applications to text classification},
  author={Tong, Simon and Koller, Daphne},
  journal={The Journal of Machine Learning Research},
  volume={2},
  pages={45--66},
  year={2002},
  publisher={JMLR. org}
}

@misc{garey1979computers,
  title={Computers and intractability: a guide to NP-completeness},
  author={Garey, Michael R and Johnson, David S},
  year={1979},
  publisher={WH Freeman New York}
}


@inproceedings{al-svm2,
  title={Less is more: Active learning with support vector machines},
  author={Schohn, Greg and Cohn, David},
  booktitle={ICML},
  pages={839--846},
  year={2000},
  organization={Citeseer}
}

@article{vlachos2008stopping,
  title={A stopping criterion for active learning},
  author={Vlachos, Andreas},
  journal={Computer Speech \& Language},
  volume={22},
  number={3},
  pages={295--312},
  year={2008},
  publisher={Elsevier}
}


@inproceedings{active-learning-cs1,
  title={Active learning from crowds},
  author={Yan, Yan and Fung, Glenn M and Rosales, R{\'o}mer and Dy, Jennifer G},
  booktitle={Proceedings of the 28th international conference on machine learning (ICML-11)},
  pages={1161--1168},
  year={2011}
}

@article{active-learning-cs2,
  title={Large-scale live active learning: Training object detectors with crawled data and crowds},
  author={Vijayanarasimhan, Sudheendra and Grauman, Kristen},
  journal={International Journal of Computer Vision},
  volume={108},
  number={1-2},
  pages={97--114},
  year={2014},
  publisher={Springer}
}



@inproceedings{workflow1,
  title={Dynamically switching between synergistic workflows for crowdsourcing},
  author={Lin, Christopher H and Daniel, Mausam and Weld, S},
  booktitle={In Proceedings of the 26th AAAI Conference on Artificial Intelligence, AAAIâ€™12},
  year={2012},
  organization={Citeseer}
}


@inproceedings{workflow2,
  title={Collaboratively crowdsourcing workflows with turkomatic},
  author={Kulkarni, Anand and Can, Matthew and Hartmann, Bj{\"o}rn},
  booktitle={Proceedings of the ACM 2012 conference on Computer Supported Cooperative Work},
  pages={1003--1012},
  year={2012},
  organization={ACM}
}


@inproceedings{workflow3,
  title={Turkomatic: automatic recursive task and workflow design for mechanical turk},
  author={Kulkarni, Anand P and Can, Matthew and Hartmann, Bjoern},
  booktitle={CHI'11 Extended Abstracts on Human Factors in Computing Systems},
  pages={2053--2058},
  year={2011},
  organization={ACM}
}

@inproceedings{workflow4,
  title={Soylent: a word processor with a crowd inside},
  author={Bernstein, Michael S and Little, Greg and Miller, Robert C and Hartmann, Bj{\"o}rn and Ackerman, Mark S and Karger, David R and Crowell, David and Panovich, Katrina},
  booktitle={Proceedings of the 23nd annual ACM symposium on User interface software and technology},
  pages={313--322},
  year={2010},
  organization={ACM}
}

@inproceedings{workflow5,
  title={Human computation tasks with global constraints},
  author={Zhang, Haoqi and Law, Edith and Miller, Rob and Gajos, Krzysztof and Parkes, David and Horvitz, Eric},
  booktitle={Proceedings of the SIGCHI Conference on Human Factors in Computing Systems},
  pages={217--226},
  year={2012},
  organization={ACM}
}

@inproceedings{cluster-1,
  title={Semi-crowdsourced clustering: Generalizing crowd labeling by robust distance metric learning},
  author={Yi, Jinfeng and Jin, Rong and Jain, Shaili and Yang, Tianbao and Jain, Anil K},
  booktitle={Advances in Neural Information Processing Systems},
  pages={1772--1780},
  year={2012}
}

@article{cluster-2,
  title={Top-k and Clustering with Noisy Comparisons},
  author={Davidson, Susan and Khanna, Sanjeev and Milo, Tova and Roy, Sudeepa},
  journal={ACM Transactions on Database Systems (TODS)},
  volume={39},
  number={4},
  pages={35},
  year={2014},
  publisher={ACM}
}


@article{decl1,
  title={CrowdOp: Query Optimization for Declarative Crowdsourcing Systems},
  author={Fan, Ju and Zhang, Meihui and Kok, Stanley and Lu, Meiyu and Ooi, Beng Chin},
  publisher={IEEE}
}

@inproceedings{decl2,
  title={CrowdDB: answering queries with crowdsourcing},
  author={Franklin, Michael J and Kossmann, Donald and Kraska, Tim and Ramesh, Sukriti and Xin, Reynold},
  booktitle={Proceedings of the 2011 ACM SIGMOD International Conference on Management of data},
  pages={61--72},
  year={2011},
  organization={ACM}
}

@article{lc1,
  title={Multi-label classification by exploiting label correlations},
  author={Yu, Ying and Pedrycz, Witold and Miao, Duoqian},
  journal={Expert Systems with Applications},
  volume={41},
  number={6},
  pages={2989--3004},
  year={2014},
  publisher={Elsevier}
}

@inproceedings{yang2009effective,
  title={Effective multi-label active learning for text classification},
  author={Yang, Bishan and Sun, Jian-Tao and Wang, Tengjiao and Chen, Zheng},
  booktitle={Proceedings of the 15th ACM SIGKDD international conference on Knowledge discovery and data mining},
  pages={917--926},
  year={2009},
  organization={ACM}
}


@book{baeza1999modern,
  title={Modern information retrieval},
  author={Baeza-Yates, Ricardo and Ribeiro-Neto, Berthier and others},
  volume={463},
  year={1999},
  publisher={ACM press New York}
}


@inproceedings{lc2,
  title={Multi-label learning by exploiting label dependency},
  author={Zhang, Min-Ling and Zhang, Kun},
  booktitle={Proceedings of the 16th ACM SIGKDD international conference on Knowledge discovery and data mining},
  pages={999--1008},
  year={2010},
  organization={ACM}
}


@inproceedings{decl3,
  title={Making collective wisdom wiser},
  author={Milo, Tova},
  booktitle={Database and Expert Systems Applications},
  pages={7--8},
  year={2013},
  organization={Springer}
}


@article{decl4,
  title={CyLog/Crowd4U: a declarative platform for complex data-centric crowdsourcing},
  author={Morishima, Atsuyuki and Shinagawa, Norihide and Mitsuishi, Tomomi and Aoki, Hideto and Fukusumi, Shun},
  journal={Proceedings of the VLDB Endowment},
  volume={5},
  number={12},
  pages={1918--1921},
  year={2012},
  publisher={VLDB Endowment}
}


@article{decl5,
  title={Deco: A system for declarative crowdsourcing},
  author={Park, Hyunjung and Garcia-Molina, Hector and Pang, Richard and Polyzotis, Neoklis and Parameswaran, Aditya and Widom, Jennifer},
  journal={Proceedings of the VLDB Endowment},
  volume={5},
  number={12},
  pages={1990--1993},
  year={2012},
  publisher={VLDB Endowment}
}


@article{decl6,
  title={An overview of the deco system: data model and query language; query processing and optimization},
  author={Park, Hyunjung and Pang, Richard and Parameswaran, Aditya and Garcia-Molina, Hector and Polyzotis, Neoklis and Widom, Jennifer},
  journal={ACM SIGMOD Record},
  volume={41},
  number={4},
  pages={22--27},
  year={2013},
  publisher={ACM}
}



@inproceedings{al1,
  title={A sequential algorithm for training text classifiers},
  author={Lewis, David D and Gale, William A},
  booktitle={Proceedings of the 17th annual international ACM SIGIR conference on Research and development in information retrieval},
  pages={3--12},
  year={1994},
  organization={Springer-Verlag New York, Inc.}
}


@article{al2,
  title={On a measure of the information provided by an experiment},
  author={Lindley, Dennis V},
  journal={The Annals of Mathematical Statistics},
  pages={986--1005},
  year={1956},
  publisher={JSTOR}
}

@article{ito1992approximation,
  title={Approximation of continuous functions on R d by linear combinations of shifted rotations of a sigmoid function with and without scaling},
  author={Ito, Yoshifusa},
  journal={Neural Networks},
  volume={5},
  number={1},
  pages={105--115},
  year={1992},
  publisher={Elsevier}
}


@article{error-reduction,
  title={Toward optimal active learning through monte carlo estimation of error reduction},
  author={Roy, Nicholas and McCallum, Andrew},
  journal={ICML, Williamstown},
  pages={441--448},
  year={2001}
}

@inproceedings{model-change,
  title={Multiple-instance active learning},
  author={Settles, Burr and Craven, Mark and Ray, Soumya},
  booktitle={Advances in neural information processing systems},
  pages={1289--1296},
  year={2008}
}

@article{variance-reduction,
  title={Neural networks and the bias/variance dilemma},
  author={Geman, Stuart and Bienenstock, Elie and Doursat, Ren{\'e}},
  journal={Neural computation},
  volume={4},
  number={1},
  pages={1--58},
  year={1992},
  publisher={MIT Press}
}

@inproceedings{densityweightedmethod,
  title={An analysis of active learning strategies for sequence labeling tasks},
  author={Settles, Burr and Craven, Mark},
  booktitle={Proceedings of the conference on empirical methods in natural language processing},
  pages={1070--1079},
  year={2008},
  organization={Association for Computational Linguistics}
}

@article{qbc3,
  title={Selective sampling using the query by committee algorithm},
  author={Freund, Yoav and Seung, H Sebastian and Shamir, Eli and Tishby, Naftali},
  journal={Machine learning},
  volume={28},
  number={2-3},
  pages={133--168},
  year={1997},
  publisher={Springer}
}

@article{vc-dimension,
  title={On the uniform convergence of relative frequencies of events to their probabilities},
  author={Vapnik, Vladimir N and Chervonenkis, A Ya},
  journal={Theory of Probability \& Its Applications},
  volume={16},
  number={2},
  pages={264--280},
  year={1971},
  publisher={SIAM}
}

@article{motiv00,
  title={Financial incentives and the performance of crowds},
  author={Mason, Winter and Watts, Duncan J},
  journal={ACM SigKDD Explorations Newsletter},
  volume={11},
  number={2},
  pages={100--108},
  year={2010},
  publisher={ACM}
}


@article{motiv0,
  title={Demographics of mechanical turk},
  author={Ipeirotis, Panagiotis G},
  year={2010},
  publisher={NYU working paper no}
}


@inproceedings{motiv1,
  title={More than fun and money. Worker Motivation in Crowdsourcing-A Study on Mechanical Turk.},
  author={Kaufmann, Nicolas and Schulze, Thimo and Veit, Daniel},
  booktitle={AMCIS},
  volume={11},
  pages={1--11},
  year={2011}
}


@article{motiv2,
  title={Breaking monotony with meaning: Motivation in crowdsourcing markets},
  author={Chandler, Dana and Kapelner, Adam},
  journal={Journal of Economic Behavior \& Organization},
  volume={90},
  pages={123--133},
  year={2013},
  publisher={Elsevier}
}

@inproceedings{motiv3,
  title={Designing incentives for inexpert human raters},
  author={Shaw, Aaron D and Horton, John J and Chen, Daniel L},
  booktitle={Proceedings of the ACM 2011 conference on Computer supported cooperative work},
  pages={275--284},
  year={2011},
  organization={ACM}
}

@inproceedings{agrawal2009diversifying,
  title={Diversifying search results},
  author={Agrawal, Rakesh and Gollapudi, Sreenivas and Halverson, Alan and Ieong, Samuel},
  booktitle={Proceedings of the Second ACM International Conference on Web Search and Data Mining},
  pages={5--14},
  year={2009},
  organization={ACM}
}



@article{motiv4,
  title={Towards an integrated crowdsourcing definition},
  author={Estell{\'e}s-Arolas, Enrique and Gonz{\'a}lez-Ladr{\'o}n-de-Guevara, Fernando},
  journal={Journal of Information science},
  volume={38},
  number={2},
  pages={189--200},
  year={2012},
  publisher={Sage Publications}
}


@inproceedings{provost2005toward,
  title={Toward economic machine learning and utility-based data mining},
  author={Provost, Foster},
  booktitle={Proceedings of the 1st international workshop on Utility-based data mining},
  pages={1--1},
  year={2005},
  organization={ACM}
}

@article{turney2000types,
  title={Types of cost in inductive concept learning},
  author={Turney, Peter},
  year={2000}
}









@inproceedings{qbc1,
  title={Query by committee},
  author={Seung, H Sebastian and Opper, Manfred and Sompolinsky, Haim},
  booktitle={Proceedings of the fifth annual workshop on Computational learning theory},
  pages={287--294},
  year={1992},
  organization={ACM}
}



@article{al-survey,
  title={Active learning literature survey},
  author={Settles, Burr},
  journal={University of Wisconsin, Madison},
  volume={52},
  number={55-66},
  pages={11},
  year={2010}
}

@article{entropy,
  title={A note on the concept of entropy},
  author={Shannon, Claude E},
  journal={Bell System Tech. J},
  volume={27},
  pages={379--423},
  year={1948}
}

@incollection{korner2006multi,
  title={Multi-class ensemble-based active learning},
  author={K{\"o}rner, Christine and Wrobel, Stefan},
  booktitle={Machine Learning: ECML 2006},
  pages={687--694},
  year={2006},
  publisher={Springer}
}

@inproceedings{qbc2,
  title={Employing EM in pool-based active learning for text classification},
  author={Nigam, Kamal and McCallum, Andrew},
  booktitle={Proceedings of ICML-98, 15th International Conference on Machine Learning},
  year={1998}
}

@incollection{dual-al,
  title={Dual strategy active learning},
  author={Donmez, Pinar and Carbonell, Jaime G and Bennett, Paul N},
  booktitle={Machine Learning: ECML 2007},
  pages={116--127},
  year={2007},
  publisher={Springer}
}

@inproceedings{noisy-label,
  title={Efficiently learning the accuracy of labeling sources for selective sampling},
  author={Donmez, Pinar and Carbonell, Jaime G and Schneider, Jeff},
  booktitle={Proceedings of the 15th ACM SIGKDD international conference on Knowledge discovery and data mining},
  pages={259--268},
  year={2009},
  organization={ACM}
}

@article{al4,
  title={Learning cost-sensitive active classifiers},
  author={Greiner, Russell and Grove, Adam J and Roth, Dan},
  journal={Artificial Intelligence},
  volume={139},
  number={2},
  pages={137--174},
  year={2002},
  publisher={Elsevier}
}

@inproceedings{al-dtree,
  title={Decision trees with minimal costs},
  author={Ling, Charles X and Yang, Qiang and Wang, Jianning and Zhang, Shichao},
  booktitle={Proceedings of the twenty-first international conference on Machine learning},
  pages={69},
  year={2004},
  organization={ACM}
}

@book{al-clus1,
  title={Pattern classification},
  author={Duda, Richard O and Hart, Peter E and Stork, David G},
  year={2012},
  publisher={John Wiley \& Sons}
}

@article{al-clus2,
  title={Active data clustering},
  author={Hofmann, Thomas and Buhmann, Joachim M},
  journal={Advances in Neural Information Processing Systems},
  pages={528--534},
  year={1998},
  publisher={MORGAN KAUFMANN PUBLISHERS}
}

@inproceedings{ho2013adaptive,
  title={Adaptive task assignment for crowdsourced classification},
  author={Ho, Chien-Ju and Jabbari, Shahin and Vaughan, Jennifer W},
  booktitle={Proceedings of the 30th International Conference on Machine Learning (ICML-13)},
  pages={534--542},
  year={2013}
}

@book{buldygin2000metric,
  title={Metric characterization of random variables and random processes},
  author={Buldygin, Valeri{\u\i}} Vladimirovich and Kozachenko, IÍ¡U V},
  volume={188},
  year={2000},
  publisher={American Mathematical Soc.}
}



@inproceedings{al-clus3,
  title={Active semi-supervised fuzzy clustering for image database categorization},
  author={Grira, Nizar and Crucianu, Michel and Boujemaa, Nozha},
  booktitle={Proceedings of the 7th ACM SIGMM international workshop on Multimedia information retrieval},
  pages={9--16},
  year={2005},
  organization={ACM}
}

@inproceedings{al-clus5,
  title={Incorporating domain knowledge into topic modeling via Dirichlet forest priors},
  author={Andrzejewski, David and Zhu, Xiaojin and Craven, Mark},
  booktitle={Proceedings of the 26th Annual International Conference on Machine Learning},
  pages={25--32},
  year={2009},
  organization={ACM}
}


@inproceedings{al-clus4,
  title={Text clustering with extended user feedback},
  author={Huang, Yifen and Mitchell, Tom M},
  booktitle={Proceedings of the 29th annual international ACM SIGIR conference on Research and development in information retrieval},
  pages={413--420},
  year={2006},
  organization={ACM}
}

@article{entity-resolution,
  title={Crowder: Crowdsourcing entity resolution},
  author={Wang, Jiannan and Kraska, Tim and Franklin, Michael J and Feng, Jianhua},
  journal={Proceedings of the VLDB Endowment},
  volume={5},
  number={11},
  pages={1483--1494},
  year={2012},
  publisher={VLDB Endowment}
}

@inproceedings{qp1,
  title={So who won?: dynamic max discovery with the crowd},
  author={Guo, Stephen and Parameswaran, Aditya and Garcia-Molina, Hector},
  booktitle={Proceedings of the 2012 ACM SIGMOD International Conference on Management of Data},
  pages={385--396},
  year={2012},
  organization={ACM}
}

@article{routeplan,
  title={Answering planning queries with the crowd},
  author={Kaplan, Haim and Lotosh, Ilia and Milo, Tova and Novgorodov, Slava},
  journal={Proceedings of the VLDB Endowment},
  volume={6},
  number={9},
  pages={697--708},
  year={2013},
  publisher={VLDB Endowment}
}

@incollection{datasourcing,
  title={Crowd-based data sourcing},
  author={Milo, Tova},
  booktitle={Databases in Networked Information Systems},
  pages={64--67},
  year={2011},
  publisher={Springer}
}


@inproceedings{boim2012asking,
  title={Asking the right questions in crowd data sourcing},
  author={Boim, Rubi and Greenshpan, Ohad and Milo, Tova and Novgorodov, Slava and Polyzotis, Neoklis and Tan, Wang-Chiew},
  booktitle={Data Engineering (ICDE), 2012 IEEE 28th International Conference on},
  pages={1261--1264},
  year={2012},
  organization={IEEE}
}


@inproceedings{qp2,
  title={Using the crowd for top-k and group-by queries},
  author={Davidson, Susan B and Khanna, Sanjeev and Milo, Tova and Roy, Sudeepa},
  booktitle={Proceedings of the 16th International Conference on Database Theory},
  pages={225--236},
  year={2013},
  organization={ACM}
}


@inproceedings{factanswering,
  title={Finding the right facts in the crowd: factoid question answering over social media},
  author={Bian, Jiang and Liu, Yandong and Agichtein, Eugene and Zha, Hongyuan},
  booktitle={Proceedings of the 17th international conference on World Wide Web},
  pages={467--476},
  year={2008},
  organization={ACM}
}


@inproceedings{DBLP:conf/kdd/JoglekarGP13,
  author    = {Manas Joglekar and
               Hector Garcia{-}Molina and
               Aditya G. Parameswaran},
  title     = {Evaluating the crowd with confidence},
  booktitle = {The 19th {ACM} {SIGKDD} International Conference on Knowledge Discovery
               and Data Mining, {KDD} 2013, Chicago, IL, USA, August 11-14, 2013},
  pages     = {686--694},
  year      = {2013},
  crossref  = {DBLP:conf/kdd/2013},
  url       = {http://doi.acm.org/10.1145/2487575.2487595},
  doi       = {10.1145/2487575.2487595},
  timestamp = {Tue, 10 Sep 2013 10:11:57 +0200},
  biburl    = {http://dblp.uni-trier.de/rec/bib/conf/kdd/JoglekarGP13},
  bibsource = {dblp computer science bibliography, http://dblp.org}
}

@inproceedings{vempaty2013reliable,
  title={Reliable classification by unreliable crowds},
  author={Vempaty, Aditya and Varshney, Lav R and Varshney, Pramod K},
  booktitle={Acoustics, Speech and Signal Processing (ICASSP), 2013 IEEE International Conference on},
  pages={5558--5562},
  year={2013},
  organization={IEEE}
}


@article{DBLP:journals/corr/RekatsinasDP15,
  author    = {Theodoros Rekatsinas and
               Amol Deshpande and
               Aditya G. Parameswaran},
  title     = {CrowdGather: Entity Extraction over Structured Domains},
  journal   = {CoRR},
  volume    = {abs/1502.06823},
  year      = {2015},
  url       = {http://arxiv.org/abs/1502.06823},
  timestamp = {Mon, 02 Mar 2015 14:17:34 +0100},
  biburl    = {http://dblp.uni-trier.de/rec/bib/journals/corr/RekatsinasDP15},
  bibsource = {dblp computer science bibliography, http://dblp.org}
}


@article{metricnearness,
  title={The metric nearness problem},
  author={Brickell, Justin and Dhillon, Inderjit S and Sra, Suvrit and Tropp, Joel A},
  journal={SIAM Journal on Matrix Analysis and Applications},
  volume={30},
  number={1},
  pages={375--396},
  year={2008},
  publisher={SIAM}
}

@article{mdc,
  title={Multidimensional clustering algorithms},
  author={Murtagh, Fionn},
  journal={Compstat Lectures, Vienna: Physika Verlag, 1985},
  volume={1},
  year={1985}
}

@inproceedings{hf1,
  title={Crowds, not drones: Modeling human factors in interactive crowdsourcing},
  author={Roy, Senjuti Basu and Lykourentzou, Ioanna and Thirumuruganathan, Saravanan and Amer-Yahia, Sihem and Das, Gautam},
  booktitle={DBCrowd 2013-VLDB Workshop on Databases and Crowdsourcing},
  pages={39--42},
  year={2013},
  organization={CEUR-WS}
}

@inproceedings{yi2013inferring,
  title={Inferring usersâ€™ preferences from crowdsourced pairwise comparisons: A matrix completion approach},
  author={Yi, Jinfeng and Jin, Rong and Jain, Shaili and Jain, Anil},
  booktitle={First AAAI Conference on Human Computation and Crowdsourcing},
  year={2013}
}



@inproceedings{stop,
  title={Using crowdsourcing to investigate perception of narrative similarity},
  author={Nguyen, Dong and Trieschnigg, Dolf and Theune, Mari{\"e}t},
  booktitle={Proceedings of the 23rd ACM International Conference on Conference on Information and Knowledge Management},
  pages={321--330},
  year={2014},
  organization={ACM}
}

@article{DBLP:journals/corr/RahmanRTAD15,
  author    = {Habibur Rahman and
               Senjuti Basu Roy and
               Saravanan Thirumuruganathan and
               Sihem Amer{-}Yahia and
               Gautam Das},
  title     = {"The Whole Is Greater Than the Sum of Its Parts": Optimization in
               Collaborative Crowdsourcing},
  journal   = {CoRR},
  volume    = {abs/1502.05106},
  year      = {2015},
  url       = {http://arxiv.org/abs/1502.05106},
  timestamp = {Mon, 02 Mar 2015 14:17:34 +0100},
  biburl    = {http://dblp.uni-trier.de/rec/bib/journals/corr/RahmanRTAD15},
  bibsource = {dblp computer science bibliography, http://dblp.org}
}

@article{hackman1976motivation,
  title={Motivation through the design of work: Test of a theory},
  author={Hackman, J Richard and Oldham, Greg R},
  journal={Organizational behavior and human performance},
  volume={16},
  number={2},
  pages={250--279},
  year={1976},
  publisher={Elsevier}
}



@article{skill,
  author    = {Habibur Rahman and
			   Saravanan Thirumuruganathan and           
               Senjuti Basu Roy and
               Sihem Amer{-}Yahia and
               Gautam Das},
  title     = {Worker Skill Estimation in Team Based Tasks},
  journal   = {PVLDB},
  year      = {2015}
}

@article{roy2015task,
  title={Task assignment optimization in knowledge-intensive crowdsourcing},
  author={Roy, Senjuti Basu and Lykourentzou, Ioanna and Thirumuruganathan, Saravanan and Amer-Yahia, Sihem and Das, Gautam},
  journal={The VLDB Journal},
  pages={1--25},
  year={2015},
  publisher={Springer}
}


@inproceedings{DBLP:conf/www/Amer-YahiaR15,
  author    = {Sihem Amer{-}Yahia and
               Senjuti Basu Roy},
  title     = {From Complex Object Exploration to Complex Crowdsourcing},
  booktitle = {Proceedings of the 24th International Conference on World Wide Web
               Companion, {WWW} 2015, Florence, Italy, May 18-22, 2015 - Companion
               Volume},
  pages     = {1531--1532},
  year      = {2015},
  crossref  = {DBLP:conf/www/2015c},
  url       = {http://doi.acm.org/10.1145/2740908.2741994},
  doi       = {10.1145/2740908.2741994},
  timestamp = {Mon, 25 May 2015 18:38:50 +0200},
  biburl    = {http://dblp.uni-trier.de/rec/bib/conf/www/Amer-YahiaR15},
  bibsource = {dblp computer science bibliography, http://dblp.org}
}

@article{garzon2006predicting,
  title={Predicting habitat suitability with machine learning models: the potential area of Pinus sylvestris L. in the Iberian Peninsula},
  author={Garz{\'o}n, Marta Benito and Blazek, Radim and Neteler, Markus and De Dios, Rut Sanchez and Ollero, Helios Sainz and Furlanello, Cesare},
  journal={ecological modelling},
  volume={197},
  number={3},
  pages={383--393},
  year={2006},
  publisher={Elsevier}
}



@inproceedings{DBLP:conf/icde/RoyDAY11,
  author    = {Senjuti Basu Roy and
               Gautam Das and
               Sihem Amer{-}Yahia and
               Cong Yu},
  title     = {Interactive itinerary planning},
  booktitle = {Proceedings of the 27th International Conference on Data Engineering,
               {ICDE} 2011, April 11-16, 2011, Hannover, Germany},
  pages     = {15--26},
  year      = {2011},
  crossref  = {DBLP:conf/icde/2011},
  url       = {http://dx.doi.org/10.1109/ICDE.2011.5767920},
  doi       = {10.1109/ICDE.2011.5767920},
  timestamp = {Sat, 09 Aug 2014 14:37:12 +0200},
  biburl    = {http://dblp.uni-trier.de/rec/bib/conf/icde/RoyDAY11},
  bibsource = {dblp computer science bibliography, http://dblp.org}
}

@inproceedings{DBLP:conf/sigmod/RoyACDY10,
  author    = {Senjuti Basu Roy and
               Sihem Amer{-}Yahia and
               Ashish Chawla and
               Gautam Das and
               Cong Yu},
  title     = {Constructing and exploring composite items},
  booktitle = {Proceedings of the {ACM} {SIGMOD} International Conference on Management
               of Data, {SIGMOD} 2010, Indianapolis, Indiana, USA, June 6-10, 2010},
  pages     = {843--854},
  year      = {2010},
  crossref  = {DBLP:conf/sigmod/2010},
  url       = {http://doi.acm.org/10.1145/1807167.1807258},
  doi       = {10.1145/1807167.1807258},
  timestamp = {Mon, 07 Jun 2010 08:03:40 +0200},
  biburl    = {http://dblp.uni-trier.de/rec/bib/conf/sigmod/RoyACDY10},
  bibsource = {dblp computer science bibliography, http://dblp.org}
}

@book{baeza1999modern,
  title={Modern information retrieval},
  author={Ricardo A. Baeza{-}Yates and Berthier A. Ribeiro{-}Neto},
  volume={463},
  year={1999},
  publisher={ACM press New York}
}

@book{jensen1996introduction,
  title={An introduction to Bayesian networks},
  author={Jensen, Finn V},
  volume={210},
  year={1996},
  publisher={UCL press London}
}


@inproceedings{vee2008efficient,
  title={Efficient computation of diverse query results},
  author={Vee, Erik and Srivastava, Utkarsh and Shanmugasundaram, Jayavel and Bhat, Prashant and Yahia, Sihem Amer},
  booktitle={Data Engineering, 2008. ICDE 2008. IEEE 24th International Conference on},
  pages={228--236},
  year={2008},
  organization={IEEE}
}


@article{cao2012keyword,
  title={Keyword-aware optimal route search},
  author={Cao, Xin and Chen, Lisi and Cong, Gao and Xiao, Xiaokui},
  journal={Proceedings of the VLDB Endowment},
  volume={5},
  number={11},
  pages={1136--1147},
  year={2012},
  publisher={VLDB Endowment}
}



@inproceedings{DBLP:conf/sigmod/RoyLL15,
  author    = {Senjuti Basu Roy and
               Laks V. S. Lakshmanan and
               Rui Liu},
  title     = {From Group Recommendations to Group Formation},
  booktitle = {Proceedings of the 2015 {ACM} {SIGMOD} International Conference on
               Management of Data, Melbourne, Victoria, Australia, May 31 - June
               4, 2015},
  pages     = {1603--1616},
  year      = {2015},
  crossref  = {DBLP:conf/sigmod/2015},
  url       = {http://doi.acm.org/10.1145/2723372.2749448},
  doi       = {10.1145/2723372.2749448},
  timestamp = {Thu, 28 May 2015 08:59:02 +0200},
  biburl    = {http://dblp.uni-trier.de/rec/bib/conf/sigmod/RoyLL15},
  bibsource = {dblp computer science bibliography, http://dblp.org}
}


@inproceedings{DBLP:conf/icde/RoyTADY14,
  author    = {Senjuti Basu Roy and
               Saravanan Thirumuruganathan and
               Sihem Amer{-}Yahia and
               Gautam Das and
               Cong Yu},
  title     = {Exploiting group recommendation functions for flexible preferences},
  booktitle = {{IEEE} 30th International Conference on Data Engineering, Chicago,
               {ICDE} 2014, IL, USA, March 31 - April 4, 2014},
  pages     = {412--423},
  year      = {2014},
  crossref  = {DBLP:conf/icde/2014},
  url       = {http://dx.doi.org/10.1109/ICDE.2014.6816669},
  doi       = {10.1109/ICDE.2014.6816669},
  timestamp = {Sat, 09 Aug 2014 14:37:12 +0200},
  biburl    = {http://dblp.uni-trier.de/rec/bib/conf/icde/RoyTADY14},
  bibsource = {dblp computer science bibliography, http://dblp.org}
}

@article{DBLP:journals/pvldb/MottinMRDPV13,
  author    = {Davide Mottin and
               Alice Marascu and
               Senjuti Basu Roy and
               Gautam Das and
               Themis Palpanas and
               Yannis Velegrakis},
  title     = {A Probabilistic Optimization Framework for the Empty-Answer Problem},
  journal   = {{PVLDB}},
  volume    = {6},
  number    = {14},
  pages     = {1762--1773},
  year      = {2013},
  url       = {http://www.vldb.org/pvldb/vol6/p1762-mottin.pdf},
  timestamp = {Thu, 28 Nov 2013 16:29:30 +0100},
  biburl    = {http://dblp.uni-trier.de/rec/bib/journals/pvldb/MottinMRDPV13},
  bibsource = {dblp computer science bibliography, http://dblp.org}
}

@article{DBLP:journals/pvldb/Amer-YahiaRCDY09,
  author    = {Sihem Amer{-}Yahia and
               Senjuti Basu Roy and
               Ashish Chawla and
               Gautam Das and
               Cong Yu},
  title     = {Group Recommendation: Semantics and Efficiency},
  journal   = {{PVLDB}},
  volume    = {2},
  number    = {1},
  pages     = {754--765},
  year      = {2009},
  url       = {http://www.vldb.org/pvldb/2/vldb09-858.pdf},
  timestamp = {Wed, 02 Sep 2009 09:21:18 +0200},
  biburl    = {http://dblp.uni-trier.de/rec/bib/journals/pvldb/Amer-YahiaRCDY09},
  bibsource = {dblp computer science bibliography, http://dblp.org}
}

@inproceedings{DBLP:conf/cikm/RoyWDNM08,
  author    = {Senjuti Basu Roy and
               Haidong Wang and
               Gautam Das and
               Ullas Nambiar and
               Mukesh K. Mohania},
  title     = {Minimum-effort driven dynamic faceted search in structured databases},
  booktitle = {Proceedings of the 17th {ACM} Conference on Information and Knowledge
               Management, {CIKM} 2008, Napa Valley, California, USA, October 26-30,
               2008},
  pages     = {13--22},
  year      = {2008},
  crossref  = {DBLP:conf/cikm/2008},
  url       = {http://doi.acm.org/10.1145/1458082.1458088},
  doi       = {10.1145/1458082.1458088},
  timestamp = {Mon, 10 Nov 2008 14:44:36 +0100},
  biburl    = {http://dblp.uni-trier.de/rec/bib/conf/cikm/RoyWDNM08},
  bibsource = {dblp computer science bibliography, http://dblp.org}
}

@inproceedings{DBLP:conf/wads/RoyDD07,
  author    = {Senjuti Basu Roy and
               Gautam Das and
               Sajal K. Das},
  title     = {Computing Best Coverage Path in the Presence of Obstacles in a Sensor
               Field},
  booktitle = {Algorithms and Data Structures, 10th International Workshop, {WADS}
               2007, Halifax, Canada, August 15-17, 2007, Proceedings},
  pages     = {577--588},
  year      = {2007},
  crossref  = {DBLP:conf/wads/2007},
  url       = {http://dx.doi.org/10.1007/978-3-540-73951-7_50},
  doi       = {10.1007/978-3-540-73951-7_50},
  timestamp = {Fri, 04 May 2012 12:58:38 +0200},
  biburl    = {http://dblp.uni-trier.de/rec/bib/conf/wads/RoyDD07},
  bibsource = {dblp computer science bibliography, http://dblp.org}
}

@inproceedings{DBLP:conf/edbt/RoyAJ15,
  author    = {Senjuti Basu Roy and
               Sihem Amer{-}Yahia and
               Lucas Joppa},
  title     = {{ECCO-} {A} Framework for Ecological Data Collection and Management
               Involving Human Workers},
  booktitle = {Proceedings of the 18th International Conference on Extending Database
               Technology, {EDBT} 2015, Brussels, Belgium, March 23-27, 2015.},
  pages     = {677--682},
  year      = {2015},
  crossref  = {DBLP:conf/edbt/2015},
  url       = {http://dx.doi.org/10.5441/002/edbt.2015.68},
  doi       = {10.5441/002/edbt.2015.68},
  timestamp = {Mon, 16 Mar 2015 17:18:38 +0100},
  biburl    = {http://dblp.uni-trier.de/rec/bib/conf/edbt/RoyAJ15},
  bibsource = {dblp computer science bibliography, http://dblp.org}
}

@inproceedings{DBLP:conf/edbt/Amer-YahiaTRS15,
  author    = {Sihem Amer{-}Yahia and
               Behrooz Omidvar Tehrani and
               Senjuti Basu Roy and
               Nafiseh Shabib},
  title     = {Group Recommendation with Temporal Affinities},
  booktitle = {Proceedings of the 18th International Conference on Extending Database
               Technology, {EDBT} 2015, Brussels, Belgium, March 23-27, 2015.},
  pages     = {421--432},
  year      = {2015},
  crossref  = {DBLP:conf/edbt/2015},
  url       = {http://dx.doi.org/10.5441/002/edbt.2015.37},
  doi       = {10.5441/002/edbt.2015.37},
  timestamp = {Mon, 16 Mar 2015 17:18:38 +0100},
  biburl    = {http://dblp.uni-trier.de/rec/bib/conf/edbt/Amer-YahiaTRS15},
  bibsource = {dblp computer science bibliography, http://dblp.org}
}

@inproceedings{kddcup,
  title={The microsoft academic search dataset and kdd cup 2013},
  author={Roy, Senjuti Basu and De Cock, Martine and Mandava, Vani and Savanna, Swapna and Dalessandro, Brian and Perlich, Claudia and Cukierski, William and Hamner, Ben},
  booktitle={Proceedings of the 2013 KDD cup 2013 workshop},
  pages={1},
  year={2013},
  organization={ACM}
}


@inproceedings{DBLP:conf/bigdataconf/CockRSMDPCH13,
  author    = {Martine De Cock and
               Senjuti Basu Roy and
               Swapna Savvana and
               Vani Mandava and
               Brian Dalessandro and
               Claudia Perlich and
               William Cukierski and
               Benjamin Hamner},
  title     = {The Microsoft Academic Search challenges at {KDD} Cup 2013},
  booktitle = {Proceedings of the 2013 {IEEE} International Conference on Big Data,
               6-9 October 2013, Santa Clara, CA, {USA}},
  pages     = {1--4},
  year      = {2013},
  crossref  = {DBLP:conf/bigdataconf/2013},
  url       = {http://dx.doi.org/10.1109/BigData.2013.6691761},
  doi       = {10.1109/BigData.2013.6691761},
  timestamp = {Fri, 19 Dec 2014 16:49:47 +0100},
  biburl    = {http://dblp.uni-trier.de/rec/bib/conf/bigdataconf/CockRSMDPCH13},
  bibsource = {dblp computer science bibliography, http://dblp.org}
}

@inproceedings{edbt14,
  author    = {Michael Pitts and
               Swapna Savvana and
               Senjuti Basu Roy and
               Vani Mandava},
  title     = {{ALIAS:} Author Disambiguation in Microsoft Academic Search Engine
               Dataset},
  booktitle = {Proceedings of the 17th International Conference on Extending Database
               Technology, {EDBT} 2014, Athens, Greece, March 24-28, 2014.},
  pages     = {648--651},
  year      = {2014},
  crossref  = {DBLP:conf/edbt/2014},
  url       = {http://dx.doi.org/10.5441/002/edbt.2014.65},
  doi       = {10.5441/002/edbt.2014.65},
  timestamp = {Mon, 16 Mar 2015 16:59:55 +0100},
  biburl    = {http://dblp.uni-trier.de/rec/bib/conf/edbt/PittsSRM14},
  bibsource = {dblp computer science bibliography, http://dblp.org}
}

@inproceedings{DBLP:conf/hcomp/MorishimaAR14,
  author    = {Atsuyuki Morishima and
               Sihem Amer{-}Yahia and
               Senjuti Basu Roy},
  title     = {Crowd4U: An Initiative for Constructing an Open Academic Crowdsourcing
               Network},
  booktitle = {Proceedings of the Seconf {AAAI} Conference on Human Computation and
               Crowdsourcing, {HCOMP} 2014, November 2-4, 2014, Pittsburgh, Pennsylvania,
               {USA}},
  year      = {2014},
  crossref  = {DBLP:conf/hcomp/2014},
  url       = {http://www.aaai.org/ocs/index.php/HCOMP/HCOMP14/paper/view/9061},
  timestamp = {Tue, 11 Nov 2014 19:16:32 +0100},
  biburl    = {http://dblp.uni-trier.de/rec/bib/conf/hcomp/MorishimaAR14},
  bibsource = {dblp computer science bibliography, http://dblp.org}
}

@inproceedings{icdm2014,
  author    = {Rui Liu and
               Kiyana Zolfaghar and
               Si{-}Chi Chin and
               Senjuti Basu Roy and
               Ankur Teredesai},
  title     = {A Framework to Recommend Interventions for 30-Day Heart Failure Readmission
               Risk},
  booktitle = {2014 {IEEE} International Conference on Data Mining, {ICDM} 2014,
               Shenzhen, China, December 14-17, 2014},
  pages     = {911--916},
  year      = {2014},
  crossref  = {DBLP:conf/icdm/2014},
  url       = {http://dx.doi.org/10.1109/ICDM.2014.89},
  doi       = {10.1109/ICDM.2014.89},
  timestamp = {Tue, 24 Mar 2015 19:59:51 +0100},
  biburl    = {http://dblp.uni-trier.de/rec/bib/conf/icdm/LiuZCRT14},
  bibsource = {dblp computer science bibliography, http://dblp.org}
}

@inproceedings{kdd2015,
  author    = {Senjuti Basu Roy and
               Ankur Teredesai and
               Kiyana Zolfaghar and
               Rui Liu and
               David Hazel and
               Stacey Newman and 
               Albert Marinez },
  title     = {Dynamic Hierarchical Classification for Patient Risk-of-Readmission},
  booktitle = {ACM SIGKDD Conference of Knowledge Discovery and Data Mining},
  year      = {2015}
 }

@inproceedings{DBLP:conf/www/Amer-YahiaR15,
  author    = {Sihem Amer{-}Yahia and
               Senjuti Basu Roy},
  title     = {From Complex Object Exploration to Complex Crowdsourcing},
  booktitle = {Proceedings of the 24th International Conference on World Wide Web
               Companion, {WWW} 2015, Florence, Italy, May 18-22, 2015 - Companion
               Volume},
  pages     = {1531--1532},
  year      = {2015},
  crossref  = {DBLP:conf/www/2015c},
  url       = {http://doi.acm.org/10.1145/2740908.2741994},
  doi       = {10.1145/2740908.2741994},
  timestamp = {Mon, 25 May 2015 18:38:50 +0200},
  biburl    = {http://dblp.uni-trier.de/rec/bib/conf/www/Amer-YahiaR15},
  bibsource = {dblp computer science bibliography, http://dblp.org}
}

@article{tsamardinos2006max,
  title={The max-min hill-climbing Bayesian network structure learning algorithm},
  author={Tsamardinos, Ioannis and Brown, Laura E and Aliferis, Constantin F},
  journal={Machine learning},
  volume={65},
  number={1},
  pages={31--78},
  year={2006},
  publisher={Springer}
}

@incollection{lovasz1983submodular,
  title={Submodular functions and convexity},
  author={Lov{\'a}sz, L{\'a}szl{\'o}},
  booktitle={Mathematical Programming The State of the Art},
  pages={235--257},
  year={1983},
  publisher={Springer}
}

@article{qi2009two,
  title={Two-dimensional multilabel active learning with an efficient online adaptation model for image classification},
  author={Qi, Guo-Jun and Hua, Xian-Sheng and Rui, Yong and Tang, Jinhui and Zhang, Hong-Jiang},
  journal={Pattern Analysis and Machine Intelligence, IEEE Transactions on},
  volume={31},
  number={10},
  pages={1880--1897},
  year={2009},
  publisher={IEEE}
}

@book{feller2008introduction,
  title={An introduction to probability theory and its applications},
  author={Feller, Willliam},
  volume={2},
  year={2008},
  publisher={John Wiley \& Sons}
}

@article{education1,
  title={Analyzing beginning reading programs the relationship between decoding instruction and text},
  author={Stein, Marcy and Johnson, Barbara and Gutlohn, Linda},
  journal={Remedial and Special Education},
  volume={20},
  number={5},
  pages={275--287},
  year={1999},
  publisher={SAGE Publications}
}

@article{ed2,
  title={Why link personal research and teaching?},
  author={Berman Brown, Reva},
  journal={Education+ Training},
  volume={47},
  number={6},
  pages={393--407},
  year={2005},
  publisher={Emerald Group Publishing Limited}
}

@book{ed3,
  title={Cooperation and competition: Theory and research.},
  author={Johnson, David W and Johnson, Roger T},
  year={1989},
  publisher={Interaction Book Company}
}

@book{ed4,
  title={Meaningful and manageable assessment through cooperative learning},
  author={Johnson, David W and Johnson, Roger T},
  year={1996},
  publisher={Interaction Book Co}
}

@article{nemhauser1978analysis,
  title={An analysis of approximations for maximizing submodular set functionsâ€”I},
  author={Nemhauser, George L and Wolsey, Laurence A and Fisher, Marshall L},
  journal={Mathematical Programming},
  volume={14},
  number={1},
  pages={265--294},
  year={1978},
  publisher={Springer}
}

@article{chao1996fast,
  title={A fast and effective heuristic for the orienteering problem},
  author={Chao, I-Ming and Golden, Bruce L and Wasil, Edward A},
  journal={European Journal of Operational Research},
  volume={88},
  number={3},
  pages={475--489},
  year={1996},
  publisher={Elsevier}
}

@article{asudeh2014crowdsourcing,
  title={Crowdsourcing Pareto-Optimal Object Finding by Pairwise Comparisons},
  author={Asudeh, Abolfazl and Zhang, Gensheng and Hassan, Naeemul and Li, Chengkai and Zaruba, Gergely V},
  journal={arXiv preprint arXiv:1409.4161},
  year={2014}
}

@inproceedings{anagnostopoulos2012online,
  title={Online team formation in social networks},
  author={Anagnostopoulos, Aris and Becchetti, Luca and Castillo, Carlos and Gionis, Aristides and Leonardi, Stefano},
  booktitle={Proceedings of the 21st international conference on World Wide Web},
  pages={839--848},
  year={2012},
  organization={ACM}
}

@article{versionspace,
  title={Support vector machine active learning with applications to text classification},
  author={Tong, Simon and Koller, Daphne},
  journal={Journal of machine learning research},
  volume={2},
  number={Nov},
  pages={45--66},
  year={2001}
}


@article{clemen2007aggregating,
  title={Aggregating probability distributions},
  author={Clemen, Robert T and Winkler, Robert L},
  journal={Advances in decision analysis: From foundations to applications},
  pages={154--176},
  year={2007},
  publisher={Cambridge University Press Cambridge, UK}
}

@inproceedings{DBLP:conf/aaai/LinKH14,
  author    = {Christopher H. Lin and
               Ece Kamar and
               Eric Horvitz},
  title     = {Signals in the Silence: Models of Implicit Feedback in a Recommendation
               System for Crowdsourcing},
  booktitle = {Proceedings of the Twenty-Eighth {AAAI} Conference on Artificial Intelligence,
               July 27 -31, 2014, Qu{\'{e}}bec City, Qu{\'{e}}bec, Canada.},
  pages     = {908--915},
  year      = {2014},
  crossref  = {DBLP:conf/aaai/2014},
  url       = {http://www.aaai.org/ocs/index.php/AAAI/AAAI14/paper/view/8425},
  timestamp = {Thu, 31 Jul 2014 09:00:19 +0200},
  biburl    = {http://dblp.uni-trier.de/rec/bib/conf/aaai/LinKH14},
  bibsource = {dblp computer science bibliography, http://dblp.org}
}



@article{ed5,
  title={Peer instruction: A userâ€™s manual},
  author={Mazur, Eric and Somers, Mark D},
  journal={American Journal of Physics},
  volume={67},
  number={4},
  pages={359--360},
  year={1999},
  publisher={American Association of Physics Teachers}
}

