@inproceedings{salimi2019interventional,
  title={Interventional fairness: Causal database repair for algorithmic fairness},
  author={Salimi, Babak and Rodriguez, Luke and Howe, Bill and Suciu, Dan},
  booktitle={Proceedings of the 2019 International Conference on Management of Data},
  pages={793--810},
  year={2019},
  organization={ACM}
}

@article{salimi2018hypdb,
  title={HypDB: a demonstration of detecting, explaining and resolving bias in OLAP queries},
  author={Salimi, Babak and Cole, Corey and Li, Peter and Gehrke, Johannes and Suciu, Dan},
  journal={Proceedings of the VLDB Endowment},
  volume={11},
  number={12},
  pages={2062--2065},
  year={2018},
  publisher={VLDB Endowment}
}

@inproceedings{roy2014formal,
  title={A formal approach to finding explanations for database queries},
  author={Roy, Sudeepa and Suciu, Dan},
  booktitle={Proceedings of the 2014 ACM SIGMOD international conference on Management of data},
  pages={1579--1590},
  year={2014},
  organization={ACM}
}

@article{bertossi2017causes,
  title={Causes for query answers from databases: Datalog abduction, view-updates, and integrity constraints},
  author={Bertossi, Leopoldo and Salimi, Babak},
  journal={International Journal of Approximate Reasoning},
  volume={90},
  pages={226--252},
  year={2017},
  publisher={Elsevier}
}

@inproceedings{verma2018fairness,
  title={Fairness definitions explained},
  author={Verma, Sahil and Rubin, Julia},
  booktitle={2018 IEEE/ACM International Workshop on Software Fairness (FairWare)},
  pages={1--7},
  year={2018},
  organization={IEEE}
}

@article{zliobaite2015survey,
  title={A survey on measuring indirect discrimination in machine learning},
  author={Zliobaite, Indre},
  journal={arXiv preprint arXiv:1511.00148},
  year={2015}
}

@article{ratner2017snorkel,
  title={Snorkel: Rapid training data creation with weak supervision},
  author={Ratner, Alexander and Bach, Stephen H and Ehrenberg, Henry and Fries, Jason and Wu, Sen and R{\'e}, Christopher},
  journal={Proceedings of the VLDB Endowment},
  volume={11},
  number={3},
  pages={269--282},
  year={2017},
  publisher={VLDB Endowment}
}

@inproceedings{salimi2016quantifying,
  title={Quantifying Causal Effects on Query Answering in Databases.},
  author={Salimi, Babak and Bertossi, Leopoldo E and Suciu, Dan and Van den Broeck, Guy},
  booktitle={TaPP},
  year={2016}
}

@article{meliou2010complexity,
  title={The complexity of causality and responsibility for query answers and non-answers},
  author={Meliou, Alexandra and Gatterbauer, Wolfgang and Moore, Katherine F and Suciu, Dan},
  journal={Proceedings of the VLDB Endowment},
  volume={4},
  number={1},
  pages={34--45},
  year={2010},
  publisher={VLDB Endowment}
}

@inproceedings{chapman2009not,
  title={Why not?},
  author={Chapman, Adriane and Jagadish, HV},
  booktitle={Proceedings of the 2009 ACM SIGMOD International Conference on Management of data},
  pages={523--534},
  year={2009},
  organization={ACM}
}

@inproceedings{ainy2015approximated,
  title={Approximated summarization of data provenance},
  author={Ainy, Eleanor and Bourhis, Pierre and Davidson, Susan B and Deutch, Daniel and Milo, Tova},
  booktitle={Proceedings of the 24th ACM International on Conference on Information and Knowledge Management},
  pages={483--492},
  year={2015},
  organization={ACM}
}

@article{xu2018provenance,
  title={Provenance Analysis for Missing Answers and Integrity Repairs.},
  author={Xu, Jane and Zhang, Waley and Alawini, Abdussalam and Tannen, Val},
  journal={IEEE Data Eng. Bull.},
  volume={41},
  number={1},
  pages={39--50},
  year={2018}
}

@article{bertossi2017causes,
  title={Causes for query answers from databases: Datalog abduction, view-updates, and integrity constraints},
  author={Bertossi, Leopoldo and Salimi, Babak},
  journal={International Journal of Approximate Reasoning},
  volume={90},
  pages={226--252},
  year={2017},
  publisher={Elsevier}
}

@article{glavic2007data,
  title={Data provenance: A categorization of existing approaches},
  author={Glavic, Boris and Dittrich, Klaus},
  journal={Datenbanksysteme in Business, Technologie und Web (BTW 2007)--12. Fachtagung des GI-Fachbereichs" Datenbanken und Informationssysteme"(DBIS)},
  year={2007},
  publisher={Gesellschaft f{\"u}r Informatik e. V.}
}

@article{loftus2018causal,
	title={Causal Reasoning for Algorithmic Fairness},
	author={Loftus, Joshua R and Russell, Chris and Kusner, Matt J and Silva, Ricardo},
	journal={arXiv preprint arXiv:1805.05859},
	year={2018}
}

@inproceedings{ratner2016data,
  title={Data programming: Creating large training sets, quickly},
  author={Ratner, Alexander J and De Sa, Christopher M and Wu, Sen and Selsam, Daniel and R{\'e}, Christopher},
  booktitle={Advances in neural information processing systems},
  pages={3567--3575},
  year={2016}
}
@article{raykar2010learning,
  title={Learning from crowds},
  author={Raykar, Vikas C and Yu, Shipeng and Zhao, Linda H and Valadez, Gerardo Hermosillo and Florin, Charles and Bogoni, Luca and Moy, Linda},
  journal={Journal of Machine Learning Research},
  volume={11},
  number={Apr},
  pages={1297--1322},
  year={2010}
}

@inproceedings{mintz2009distant,
  title={Distant supervision for relation extraction without labeled data},
  author={Mintz, Mike and Bills, Steven and Snow, Rion and Jurafsky, Dan},
  booktitle={Proceedings of the Joint Conference of the 47th Annual Meeting of the ACL and the 4th International Joint Conference on Natural Language Processing of the AFNLP: Volume 2-Volume 2},
  pages={1003--1011},
  year={2009},
  organization={Association for Computational Linguistics}
}

@article{DBLP:journals/corr/KusnerLRS17,
  author    = {Matt J. Kusner and
               Joshua R. Loftus and
               Chris Russell and
               Ricardo Silva},
  title     = {Counterfactual Fairness},
  journal   = {CoRR},
  volume    = {abs/1703.06856},
  year      = {2017},
  url       = {http://arxiv.org/abs/1703.06856},
  archivePrefix = {arXiv},
  eprint    = {1703.06856},
  timestamp = {Wed, 23 Jan 2019 13:31:00 +0100},
  biburl    = {https://dblp.org/rec/bib/journals/corr/KusnerLRS17},
  bibsource = {dblp computer science bibliography, https://dblp.org}
}

@article{salimi2019capuchin,
  title={Capuchin: Causal database repair for algorithmic fairness},
  author={Salimi, Babak and Rodriguez, Luke and Howe, Bill and Suciu, Dan},
  journal={arXiv preprint arXiv:1902.08283},
  year={2019}
}

@article{antenucci2018constraint,
  title={Constraint-based explanation and repair of filter-based transformations},
  author={Antenucci, Dolan and Cafarella, Michael},
  journal={Proceedings of the VLDB Endowment},
  volume={11},
  number={9},
  pages={947--960},
  year={2018},
  publisher={VLDB Endowment}
}

@article{pearl2003causality,
	title={Causality: models, reasoning, and inference},
	author={Pearl, Judea},
	journal={Econometric Theory},
	volume={19},
	number={675-685},
	pages={46},
	year={2003}
}

@article{vavasis2009complexity,
	title={On the complexity of nonnegative matrix factorization},
	author={Vavasis, Stephen A},
	journal={SIAM Journal on Optimization},
	volume={20},
	number={3},
	pages={1364--1377},
	year={2009},
	publisher={SIAM}
}

@article{hartung1999note,
	title={A note on combining dependent tests of significance},
	author={Hartung, Joachim},
	journal={Biometrical Journal: Journal of Mathematical Methods in Biosciences},
	volume={41},
	number={7},
	pages={849--855},
	year={1999},
	publisher={Wiley Online Library}
}

@inproceedings{russell2017worlds,
	title={When worlds collide: integrating different counterfactual assumptions in fairness},
	author={Russell, Chris and Kusner, Matt J and Loftus, Joshua and Silva, Ricardo},
	booktitle={Advances in Neural Information Processing Systems},
	pages={6414--6423},
	year={2017}
}

@inproceedings{galhotra2017fairness,
	title={Fairness testing: testing software for discrimination},
	author={Galhotra, Sainyam and Brun, Yuriy and Meliou, Alexandra},
	booktitle={Proceedings of the 2017 11th Joint Meeting on Foundations of Software Engineering},
	pages={498--510},
	year={2017},
	organization={ACM}
}

@article{wong2000implication,
	title={On the implication problem for probabilistic conditional independency},
	author={Wong, SK Michael and Butz, Cory J. and Wu, Dan},
	journal={IEEE Transactions on Systems, Man, and Cybernetics-Part A: Systems and Humans},
	volume={30},
	number={6},
	pages={785--805},
	year={2000},
	publisher={IEEE}
}

@incollection{NIPS2017_6988,
	title = {Optimized Pre-Processing for Discrimination Prevention},
	author = {Calmon, Flavio and Wei, Dennis and Vinzamuri, Bhanukiran and Natesan Ramamurthy, Karthikeyan and Varshney, Kush R},
	booktitle = {Advances in Neural Information Processing Systems 30},
	editor = {I. Guyon and U. V. Luxburg and S. Bengio and H. Wallach and R. Fergus and S. Vishwanathan and R. Garnett},
	pages = {3992--4001},
	year = {2017},
	publisher = {Curran Associates, Inc.},
	url = {http://papers.nips.cc/paper/6988-optimized-pre-processing-for-discrimination-prevention.pdf}
}


@article{chang2017meta,
	title={Meta-analysis of odds ratios: Current good practices},
	author={Chang, Bei-Hung and Hoaglin, David C},
	journal={Medical care},
	volume={55},
	number={4},
	pages={328},
	year={2017},
	publisher={NIH Public Access}
}



@techreport{margaritis2003learning,
	title={Learning Bayesian network model structure from data},
	author={Margaritis, Dimitris},
	year={2003},
	institution={Carnegie-Mellon Univ Pittsburgh Pa School of Computer Science}
}


@InProceedings{pmlr-v54-zafar17a,
	title = 	 {{Fairness Constraints: Mechanisms for Fair Classification}},
	author = 	 {Muhammad Bilal Zafar and Isabel Valera and Manuel Gomez Rogriguez and Krishna P. Gummadi},
	booktitle = 	 {Proceedings of the 20th International Conference on Artificial Intelligence and Statistics},
	pages = 	 {962--970},
	year = 	 {2017},
	editor = 	 {Aarti Singh and Jerry Zhu},
	volume = 	 {54},
	series = 	 {Proceedings of Machine Learning Research},
	address = 	 {Fort Lauderdale, FL, USA},
	month = 	 {20--22 Apr},
	publisher = 	 {PMLR},
	pdf = 	 {http://proceedings.mlr.press/v54/zafar17a/zafar17a.pdf},
	url = 	 {http://proceedings.mlr.press/v54/zafar17a.html},
	abstract = 	 {Algorithmic decision making systems are ubiquitous across a wide variety of online as well as offline services. These systems rely on complex learning methods and vast amounts of data to optimize the service functionality, satisfaction of the end user and profitability. However, there is a growing concern that these automated decisions can lead, even in the absence of intent, to a lack of fairness, i.e., their outcomes can disproportionately hurt (or, benefit) particular groups of people sharing one or more sensitive attributes (e.g., race, sex). In this paper, we introduce a flexible mechanism to design fair classifiers by leveraging a novel intuitive measure of decision boundary (un)fairness. We instantiate this mechanism with two well-known classifiers, logistic regression and support vector machines, and show on real-world data that our mechanism allows for a fine-grained control on the degree of fairness, often at a small cost in terms of accuracy.}
}

@inproceedings{hardt2016equality,
	title={Equality of opportunity in supervised learning},
	author={Hardt, Moritz and Price, Eric and Srebro, Nati and others},
	booktitle={Advances in neural information processing systems},
	pages={3315--3323},
	year={2016}
}


@inproceedings{lopatenko2007complexity,
	title={Complexity of consistent query answering in databases under cardinality-based and incremental repair semantics},
	author={Lopatenko, Andrei and Bertossi, Leopoldo},
	booktitle={International Conference on Database Theory},
	pages={179--193},
	year={2007},
	organization={Springer}
}

@article{livshits2017complexity,
	title={The complexity of computing a cardinality repair for functional dependencies},
	author={Livshits, Ester and Kimelfeld, Benny},
	journal={arXiv preprint arXiv:1708.09140},
	year={2017}
}


@InProceedings{pmlr-v65-woodworth17a,
	title = 	 {Learning Non-Discriminatory Predictors},
	author = 	 {Blake Woodworth and Suriya Gunasekar and Mesrob I. Ohannessian and Nathan Srebro},
	booktitle = 	 {Proceedings of the 2017 Conference on Learning Theory},
	pages = 	 {1920--1953},
	year = 	 {2017},
	editor = 	 {Satyen Kale and Ohad Shamir},
	volume = 	 {65},
	series = 	 {Proceedings of Machine Learning Research},
	address = 	 {Amsterdam, Netherlands},
	month = 	 {07--10 Jul},
	publisher = 	 {PMLR},
	pdf = 	 {http://proceedings.mlr.press/v65/woodworth17a/woodworth17a.pdf},
	url = 	 {http://proceedings.mlr.press/v65/woodworth17a.html},
	abstract = 	 {We consider learning a predictor which is non-discriminatory with respect to a “protected attribute” according to the notion of “equalized odds” proposed by Hardt et al. (2016).  We study the problem of learning such a non-discriminatory predictor from a finite training set, both statistically and computationally.  We show that a post-hoc correction approach, as suggested by Hardt et al, can be highly suboptimal, present a nearly-optimal statistical procedure, argue that the associated computational problem is intractable, and suggest a second moment relaxation of the non-discrimination definition for which learning is tractable.}
}
@article{larson2016we,
	title={How we analyzed the COMPAS recidivism algorithm},
	author={Larson, Jeff and Mattu, Surya and Kirchner, Lauren and Angwin, Julia},
	journal={ProPublica (5 2016)},
	volume={9},
	year={2016}
}

@article{loux2017comparison,
	title={A comparison of marginal odds ratio estimators},
	author={Loux, Travis M and Drake, Christiana and Smith-Gagen, Julie},
	journal={Statistical methods in medical research},
	volume={26},
	number={1},
	pages={155--175},
	year={2017},
	publisher={SAGE Publications Sage UK: London, England}
}

@inproceedings{martins2014open,
	title={Open-WBO: A modular MaxSAT solver},
	author={Martins, Ruben and Manquinho, Vasco and Lynce, In{\^e}s},
	booktitle={International Conference on Theory and Applications of Satisfiability Testing},
	pages={438--445},
	year={2014},
	organization={Springer}
}

@inproceedings{kamishima2012fairness,
	title={Fairness-aware classifier with prejudice remover regularizer},
	author={Kamishima, Toshihiro and Akaho, Shotaro and Asoh, Hideki and Sakuma, Jun},
	booktitle={Joint European Conference on Machine Learning and Knowledge Discovery in Databases},
	pages={35--50},
	year={2012},
	organization={Springer}
}

@inproceedings{DBLP:conf/innovations/KleinbergMR17,
	author    = {Jon M. Kleinberg and
	Sendhil Mullainathan and
	Manish Raghavan},
	title     = {Inherent Trade-Offs in the Fair Determination of Risk Scores},
	booktitle = {8th Innovations in Theoretical Computer Science Conference, {ITCS}
	2017, January 9-11, 2017, Berkeley, CA, {USA}},
	pages     = {43:1--43:23},
	year      = {2017},
	url       = {https://doi.org/10.4230/LIPIcs.ITCS.2017.43},
	doi       = {10.4230/LIPIcs.ITCS.2017.43},
	timestamp = {Thu, 23 Aug 2018 15:56:11 +0200},
	biburl    = {https://dblp.org/rec/bib/conf/innovations/KleinbergMR17},
	bibsource = {dblp computer science bibliography, https://dblp.org}
}


@inproceedings{corbett2017algorithmic,
	title={Algorithmic decision making and the cost of fairness},
	author={Corbett-Davies, Sam and Pierson, Emma and Feller, Avi and Goel, Sharad and Huq, Aziz},
	booktitle={Proceedings of the 23rd ACM SIGKDD International Conference on Knowledge Discovery and Data Mining},
	pages={797--806},
	year={2017},
	organization={ACM}
}

@article{simoiu2017problem,
	title={The problem of infra-marginality in outcome tests for discrimination},
	author={Simoiu, Camelia and Corbett-Davies, Sam and Goel, Sharad and others},
	journal={The Annals of Applied Statistics},
	volume={11},
	number={3},
	pages={1193--1216},
	year={2017},
	publisher={Institute of Mathematical Statistics}
}

@article{avin2005identifiability,
	title={Identifiability of path-specific effects},
	author={Avin, Chen and Shpitser, Ilya and Pearl, Judea},
	year={2005}
}

@inproceedings{zhang2018fairness,
	title={Fairness in Decision-Making--The Causal Explanation Formula},
	author={Zhang, Junzhe and Bareinboim, Elias},
	booktitle={32nd AAAI Conference on Artificial Intelligence},
	year={2018}
}



@inproceedings{feldman2015certifying,
	title={Certifying and removing disparate impact},
	author={Feldman, Michael and Friedler, Sorelle A and Moeller, John and Scheidegger, Carlos and Venkatasubramanian, Suresh},
	booktitle={Proceedings of the 21th ACM SIGKDD International Conference on Knowledge Discovery and Data Mining},
	pages={259--268},
	year={2015},
	organization={ACM}
}

@article{king2006dangers,
	title={The dangers of extreme counterfactuals},
	author={King, Gary and Zeng, Langche},
	journal={Political Analysis},
	volume={14},
	number={2},
	pages={131--159},
	year={2006},
	publisher={Cambridge University Press}
}

@article{fevotte2011algorithms,
	title={Algorithms for nonnegative matrix factorization with the $\beta$-divergence},
	author={F{\'e}votte, C{\'e}dric and Idier, J{\'e}r{\^o}me},
	journal={Neural computation},
	volume={23},
	number={9},
	pages={2421--2456},
	year={2011},
	publisher={MIT Press}
}

@inproceedings{dwork2012fairness,
	title={Fairness through awareness},
	author={Dwork, Cynthia and Hardt, Moritz and Pitassi, Toniann and Reingold, Omer and Zemel, Richard},
	booktitle={Proceedings of the 3rd innovations in theoretical computer science conference},
	pages={214--226},
	year={2012},
	organization={ACM}
}


@article{xie2013population,
	title={Population heterogeneity and causal inference},
	author={Xie, Yu},
	journal={Proceedings of the National Academy of Sciences},
	pages={201303102},
	year={2013},
	publisher={National Acad Sciences}
}

@article{chouldechova2017fair,
	title={Fair prediction with disparate impact: A study of bias in recidivism prediction instruments},
	author={Chouldechova, Alexandra},
	journal={Big data},
	volume={5},
	number={2},
	pages={153--163},
	year={2017},
	publisher={Mary Ann Liebert, Inc. 140 Huguenot Street, 3rd Floor New Rochelle, NY 10801 USA}
}

@inproceedings{calders2009building,
	title={Building classifiers with independency constraints},
	author={Calders, Toon and Kamiran, Faisal and Pechenizkiy, Mykola},
	booktitle={Data mining workshops, 2009. ICDMW'09. IEEE international conference on},
	pages={13--18},
	year={2009},
	organization={IEEE}
}

@inproceedings{zafar2017fairness,
	title={Fairness beyond disparate treatment \& disparate impact: Learning classification without disparate mistreatment},
	author={Zafar, Muhammad Bilal and Valera, Isabel and Gomez Rodriguez, Manuel and Gummadi, Krishna P},
	booktitle={Proceedings of the 26th International Conference on World Wide Web},
	pages={1171--1180},
	year={2017},
	organization={International World Wide Web Conferences Steering Committee}
}

@inproceedings{zemel2013learning,
	title={Learning fair representations},
	author={Zemel, Rich and Wu, Yu and Swersky, Kevin and Pitassi, Toni and Dwork, Cynthia},
	booktitle={International Conference on Machine Learning},
	pages={325--333},
	year={2013}
}

@inproceedings{kamiran2009classifying,
	title={Classifying without discriminating},
	author={Kamiran, Faisal and Calders, Toon},
	booktitle={Computer, Control and Communication, 2009. IC4 2009. 2nd International Conference on},
	pages={1--6},
	year={2009},
	organization={IEEE}
}

@book{pearl1985graphoids,
	title={Graphoids: A graph-based logic for reasoning about relevance relations},
	author={Pearl, Judea and Paz, Azaria},
	year={1985},
	publisher={University of California (Los Angeles). Computer Science Department}
}
@article{bertossi2006consistent,
	title={Consistent query answering in databases},
	author={Bertossi, Leopoldo},
	journal={ACM Sigmod Record},
	volume={35},
	number={2},
	pages={68--76},
	year={2006},
	publisher={ACM}
}

@book{DBLP:series/synthesis/2011Bertossi,
  author    = {Leopoldo E. Bertossi},
  title     = {Database Repairing and Consistent Query Answering},
  series    = {Synthesis Lectures on Data Management},
  publisher = {Morgan {\&} Claypool Publishers},
  year      = {2011},
  url       = {https://doi.org/10.2200/S00379ED1V01Y201108DTM020},
  doi       = {10.2200/S00379ED1V01Y201108DTM020},
  timestamp = {Tue, 16 May 2017 14:24:20 +0200},
  biburl    = {https://dblp.org/rec/bib/series/synthesis/2011Bertossi},
  bibsource = {dblp computer science bibliography, https://dblp.org}
}

@inproceedings{DBLP:conf/pods/LivshitsKR18,
  author    = {Ester Livshits and
               Benny Kimelfeld and
               Sudeepa Roy},
  title     = {Computing Optimal Repairs for Functional Dependencies},
  booktitle = {Proceedings of the 37th {ACM} {SIGMOD-SIGACT-SIGAI} Symposium on Principles
               of Database Systems, Houston, TX, USA, June 10-15, 2018},
  pages     = {225--237},
  year      = {2018},
  url       = {http://doi.acm.org/10.1145/3196959.3196980},
  doi       = {10.1145/3196959.3196980},
  timestamp = {Fri, 18 May 2018 08:08:54 +0200},
  biburl    = {https://dblp.org/rec/bib/conf/pods/LivshitsKR18},
  bibsource = {dblp computer science bibliography, https://dblp.org}
}


@article{calders2010three,
	title={Three naive Bayes approaches for discrimination-free classification},
	author={Calders, Toon and Verwer, Sicco},
	journal={Data Mining and Knowledge Discovery},
	volume={21},
	number={2},
	pages={277--292},
	year={2010},
	publisher={Springer}
}



@article{barocas2016big,
	title={Big data's disparate impact},
	author={Barocas, Solon and Selbst, Andrew D},
	journal={Cal. L. Rev.},
	volume={104},
	pages={671},
	year={2016},
	publisher={HeinOnline}
}



@book{good2013permutation,
	title={Permutation tests: a practical guide to resampling methods for testing hypotheses},
	author={Good, Phillip},
	year={2013},
	publisher={Springer Science \& Business Media}
}

@inproceedings{guo2017you,
	title={What you see is not what you get!: Detecting Simpson's Paradoxes during Data Exploration},
	author={Guo, Yue and Binnig, Carsten and Kraska, Tim},
	booktitle={Proceedings of the 2nd Workshop on Human-In-the-Loop Data Analytics},
	pages={2},
	year={2017},
	organization={ACM}
}

@article{courtland2018bias,
title = {Bias detectives: the researchers striving to make algorithms fair},
journal = {Nature},
author = {Rachel Courtland},
volume = 558,
year={2018}
}

@inproceedings{Veale:2018:FAD:3173574.3174014,
 author = {Veale, Michael and Van Kleek, Max and Binns, Reuben},
 title = {Fairness and Accountability Design Needs for Algorithmic Support in High-Stakes Public Sector Decision-Making},
 booktitle = {Proceedings of the 2018 CHI Conference on Human Factors in Computing Systems},
 series = {CHI '18},
 year = {2018},
 isbn = {978-1-4503-5620-6},
 location = {Montreal QC, Canada},
 pages = {440:1--440:14},
 articleno = {440},
 numpages = {14},
 url = {http://doi.acm.org/10.1145/3173574.3174014},
 doi = {10.1145/3173574.3174014},
 acmid = {3174014},
 publisher = {ACM},
 address = {New York, NY, USA},
 keywords = {algorithmic accountability, algorithmic bias, decision-support, predictive policing, public administration},
} 


@article{glymour1997statistical,
	title={Statistical themes and lessons for data mining},
	author={Glymour, Clark and Madigan, David and Pregibon, Daryl and Smyth, Padhraic},
	journal={Data mining and knowledge discovery},
	volume={1},
	number={1},
	pages={11--28},
	year={1997},
	publisher={Springer}
}

@article{fabris2006discovering,
	title={Discovering surprising instances of Simpson's paradox in hierarchical multidimensional data},
	author={Fabris, Carem C and Freitas, Alex A},
	journal={International Journal of Data Warehousing and Mining (IJDWM)},
	volume={2},
	number={1},
	pages={27--49},
	year={2006},
	publisher={IGI Global}
}

@article{freitas2001understanding,
	title={Understanding the crucial role of attribute interaction in data mining},
	author={Freitas, Alex A},
	journal={Artificial Intelligence Review},
	volume={16},
	number={3},
	pages={177--199},
	year={2001},
	publisher={Springer}
}

@inproceedings{tsamardinos2003algorithms,
	title={Algorithms for Large Scale Markov Blanket Discovery.},
	author={Tsamardinos, Ioannis and Aliferis, Constantin F and Statnikov, Alexander R and Statnikov, Er},
	booktitle={FLAIRS conference},
	volume={2},
	pages={376--380},
	year={2003}
}

@article{mckinney2011pandas,
	title={pandas: a foundational Python library for data analysis and statistics},
	author={McKinney, Wes},
	journal={Python for High Performance and Scientific Computing},
	pages={1--9},
	year={2011}
}

@article{pellet2008using,
	title={Using Markov blankets for causal structure learning},
	author={Pellet, Jean-Philippe and Elisseeff, Andr{\'e}},
	journal={Journal of Machine Learning Research},
	volume={9},
	number={Jul},
	pages={1295--1342},
	year={2008}
}

@article{rubin2008comment,
	title={Comment: The design and analysis of gold standard randomized experiments},
	author={Rubin, Donald B},
	journal={Journal of the American Statistical Association},
	volume={103},
	number={484},
	pages={1350--1353},
	year={2008},
	publisher={Taylor \& Francis}
}

@article{pearl1993bayesian,
	title={[Bayesian Analysis in Expert Systems]: Comment: Graphical Models, Causality and Intervention},
	author={Pearl, Judea},
	journal={Statistical Science},
	volume={8},
	number={3},
	pages={266--269},
	year={1993},
	publisher={JSTOR}
}

@inproceedings{tan2002selecting,
	title={Selecting the right interestingness measure for association patterns},
	author={Tan, Pang-Ning and Kumar, Vipin and Srivastava, Jaideep},
	booktitle={Proceedings of the eighth ACM SIGKDD international conference on Knowledge discovery and data mining},
	pages={32--41},
	year={2002},
	organization={ACM}
}
@article{lin2010rank,
	title={Rank aggregation methods},
	author={Lin, Shili},
	journal={Wiley Interdisciplinary Reviews: Computational Statistics},
	volume={2},
	number={5},
	pages={555--570},
	year={2010},
	publisher={Wiley Online Library}
}

@article{balov2016use,
	title={How to use the catnet package},
	author={Balov, Nikolay and Salzman, Peter},
	year={2016}
}

@article{cressie1984multinomial,
	title={Multinomial goodness-of-fit tests},
	author={Cressie, Noel and Read, Timothy RC},
	journal={Journal of the Royal Statistical Society. Series B (Methodological)},
	pages={440--464},
	year={1984},
	publisher={JSTOR}
}

@article{imai2010general,
	title={A general approach to causal mediation analysis.},
	author={Imai, Kosuke and Keele, Luke and Tingley, Dustin},
	journal={Psychological methods},
	volume={15},
	number={4},
	pages={309},
	year={2010},
	publisher={American Psychological Association}
}
@phdthesis{weinberger2015causal,
	title={Causal inference across populations},
	author={Weinberger, Naftali},
	year={2015},
	school={The University of Wisconsin-Madison}
}

@incollection{greenland2011causal,
	title={Causal diagrams},
	author={Greenland, Sander and Pearl, Judea},
	booktitle={International encyclopedia of statistical science},
	pages={208--216},
	year={2011},
	publisher={Springer}
}


@incollection{brand2013causal,
	title={Causal effect heterogeneity},
	author={Brand, Jennie E and Thomas, Juli Simon},
	booktitle={Handbook of causal analysis for social research},
	pages={189--213},
	year={2013},
	publisher={Springer}
}


@inproceedings{lakshmanan2008if,
	title={What-if OLAP queries with changing dimensions},
	author={Lakshmanan, Laks VS and Russakovsky, Alex and Sashikanth, Vaishnavi},
	booktitle={Data Engineering, 2008. ICDE 2008. IEEE 24th International Conference on},
	pages={1334--1336},
	year={2008},
	organization={IEEE}
}

@inproceedings{balmin2000hypothetical,
	title={Hypothetical queries in an olap environment},
	author={Balmin, Andrey and Papadimitriou, Thanos and Papakonstantinou, Yannis},
	booktitle={VLDB},
	volume={220},
	pages={231},
	year={2000}
}

@inproceedings{deutch2013caravan,
	title={Caravan: Provisioning for What-If Analysis.},
	author={Deutch, Daniel and Ives, Zachary G and Milo, Tova and Tannen, Val},
	booktitle={CIDR},
	year={2013}
}

@article{heckerman1998tutorial,
	title={A tutorial on learning with Bayesian networks},
	author={Heckerman, David and others},
	journal={Nato Asi Series D Behavioural And Social Sciences},
	volume={89},
	pages={301--354},
	year={1998},
	publisher={Kluwer Academic Publishers}
}
@incollection{DBLP:books/mit/fayyadPSU96/Heckerman96,
	author    = {David Heckerman},
	title     = {Bayesian Networks for Knowledge Discovery},
	booktitle = {Advances in Knowledge Discovery and Data Mining},
	pages     = {273--305},
	year      = {1996},
	timestamp = {Thu, 03 Jan 2002 11:51:27 +0100},
	biburl    = {http://dblp.uni-trier.de/rec/bib/books/mit/fayyadPSU96/Heckerman96},
	bibsource = {dblp computer science bibliography, http://dblp.org}
}

@book{spirtes2000causation,
	title={Causation, prediction, and search},
	author={Spirtes, Peter and Glymour, Clark N and Scheines, Richard},
	year={2000},
	publisher={MIT press}
}

@article{scheines1998tetrad,
	title={The TETRAD project: Constraint based aids to causal model specification},
	author={Scheines, Richard and Spirtes, Peter and Glymour, Clark and Meek, Christopher and Richardson, Thomas},
	journal={Multivariate Behavioral Research},
	volume={33},
	number={1},
	pages={65--117},
	year={1998},
	publisher={Taylor \& Francis}
}

@article{nagarajan2013bayesian,
	title={Bayesian networks in R},
	author={Nagarajan, Radhakrishnan and Scutari, Marco and L{\`e}bre, Sophie},
	journal={Springer},
	volume={122},
	pages={125--127},
	year={2013},
	publisher={Springer}
}


@inproceedings{meek1995causal,
	title={Causal inference and causal explanation with background knowledge},
	author={Meek, Christopher},
	booktitle={Proceedings of the Eleventh conference on Uncertainty in artificial intelligence},
	pages={403--410},
	year={1995},
	organization={Morgan Kaufmann Publishers Inc.}
}
@article{young1988condorcet,
	title={Condorcet's theory of voting},
	author={Young, H Peyton},
	journal={American Political science review},
	volume={82},
	number={4},
	pages={1231--1244},
	year={1988},
	publisher={Cambridge University Press}
}

@article{patefield1981algorithm,
	title={Algorithm AS 159: an efficient method of generating random R$\times$ C tables with given row and column totals},
	author={Patefield, WM},
	journal={Journal of the Royal Statistical Society. Series C (Applied Statistics)},
	volume={30},
	number={1},
	pages={91--97},
	year={1981},
	publisher={JSTOR}
}

@article{agresti1992survey,
	title={A survey of exact inference for contingency tables},
	author={Agresti, Alan},
	journal={Statistical science},
	pages={131--153},
	year={1992},
	publisher={JSTOR}
}

@inproceedings{margaritis2000bayesian,
	title={Bayesian network induction via local neighborhoods},
	author={Margaritis, Dimitris and Thrun, Sebastian},
	booktitle={Advances in neural information processing systems},
	pages={505--511},
	year={2000}
}

@article{fisher1922interpretation,
	title={On the interpretation of $\chi$ 2 from contingency tables, and the calculation of P},
	author={Fisher, Ronald A},
	journal={Journal of the Royal Statistical Society},
	volume={85},
	number={1},
	pages={87--94},
	year={1922},
	publisher={JSTOR}
}

@book{mcdonald2009handbook,
	title={Handbook of biological statistics},
	author={McDonald, John H},
	volume={2},
	year={2009}
}

@book{greenwood1996guide,
	title={A guide to chi-squared testing},
	author={Greenwood, Priscilla E and Nikulin, Michael S},
	volume={280},
	year={1996},
	publisher={John Wiley \& Sons}
}

@article{miller1955note,
	title={Note on the bias of information estimates},
	author={Miller, George A},
	journal={Information theory in psychology: Problems and methods},
	volume={2},
	number={95},
	pages={100},
	year={1955},
	publisher={Free Press: Glencoe, Illinois}
}

@article{fano1961transmission,
	title={Transmission of information},
	author={Fano, Robert M and Wintringham, WT},
	journal={Physics Today},
	volume={14},
	pages={56},
	year={1961}
}

@article{chickering2002mal,
	title={Optimal structure identification with greedy search},
	author={Chickering, David Maxwell},
	journal={Journal of machine learning research},
	volume={3},
	number={Nov},
	pages={507--554},
	year={2002}
}

@article{valentino2012websites,
	title={Websites vary prices, deals based on users’ information},
	author={Valentino-Devries, Jennifer and Singer-Vine, Jeremy and Soltani, Ashkan},
	journal={Wall Street Journal},
	volume={10},
	pages={60--68},
	year={2012}
}

@article{fairfield2015formal,
	title={Formal Bayesian process tracing: guidelines, opportunities, and caveats},
	author={Fairfield, Tasha and Charman, Andrew},
	year={2015},
	publisher={The London School of Economics and Political Science}
}

@book{neapolitan2004learning,
	title={Learning bayesian networks},
	author={Neapolitan, Richard E and others},
	volume={38},
	year={2004},
	publisher={Pearson Prentice Hall Upper Saddle River, NJ}
}

@book{pearl2014probabilistic,
	title={Probabilistic reasoning in intelligent systems: networks of plausible inference},
	author={Pearl, Judea},
	year={2014},
	publisher={Morgan Kaufmann}
}


@misc{LUCAS,
	author = "Isabelle Guyon",
	title = "LUng CAncer Simple model",
	year = "2009",
	month = "10",
	url = "http://www.causality.inf.ethz.ch//data/LUCAS.html",
	institution = "Causality workbench repository" }

@article{bickel1975sex,
	title={Sex bias in graduate admissions: Data from Berkeley},
	author={Bickel, Peter J and Hammel, Eugene A and O’Connell, J William and others},
	journal={Science},
	volume={187},
	number={4175},
	pages={398--404},
	year={1975},
	publisher={JSTOR}
}

@inproceedings{pearl2001direct,
	title={Direct and indirect effects},
	author={Pearl, Judea},
	booktitle={Proceedings of the seventeenth conference on uncertainty in artificial intelligence},
	pages={411--420},
	year={2001},
	organization={Morgan Kaufmann Publishers Inc.}
}

@inproceedings{vzliobaite2011handling,
	title={Handling conditional discrimination},
	author={{\v{Z}}liobaite, Indre and Kamiran, Faisal and Calders, Toon},
	booktitle={Data Mining (ICDM), 2011 IEEE 11th International Conference on},
	pages={992--1001},
	year={2011},
	organization={IEEE}
}

@inproceedings{luong2011k,
	title={k-NN as an implementation of situation testing for discrimination discovery and prevention},
	author={Luong, Binh Thanh and Ruggieri, Salvatore and Turini, Franco},
	booktitle={Proceedings of the 17th ACM SIGKDD international conference on Knowledge discovery and data mining},
	pages={502--510},
	year={2011},
	organization={ACM}
}

@article{foster2004causation,
	title={Causation in antidiscrimination law: Beyond intent versus impact},
	author={Foster, Sheila R},
	journal={Hous. L. Rev.},
	volume={41},
	pages={1469},
	year={2004},
	publisher={HeinOnline}
}

@article{sandvig2014auditing,
	title={Auditing algorithms: Research methods for detecting discrimination on internet platforms},
	author={Sandvig, Christian and Hamilton, Kevin and Karahalios, Karrie and Langbort, Cedric},
	journal={Data and discrimination: converting critical concerns into productive inquiry},
	year={2014}
}

@inproceedings{pedreshi2008discrimination,
	title={Discrimination-aware data mining},
	author={Pedreshi, Dino and Ruggieri, Salvatore and Turini, Franco},
	booktitle={Proceedings of the 14th ACM SIGKDD international conference on Knowledge discovery and data mining},
	pages={560--568},
	year={2008},
	organization={ACM}
}

@misc{lichman2013uci,
	title={UCI machine learning repository},
	author={Lichman, Moshe},
	year={2013}
}

@inproceedings{tramer2017fairtest,
	title={FairTest: Discovering unwarranted associations in data-driven applications},
	author={Tramer, Florian and Atlidakis, Vaggelis and Geambasu, Roxana and Hsu, Daniel and Hubaux, Jean-Pierre and Humbert, Mathias and Juels, Ari and Lin, Huang},
	booktitle={Security and Privacy (EuroS\&P), 2017 IEEE European Symposium on},
	pages={401--416},
	year={2017},
	organization={IEEE}
}

@article{iacus2012causal,
  title={Causal inference without balance checking: Coarsened exact matching},
  author={Iacus, Stefano M and King, Gary and Porro, Giuseppe and Katz, Jonathan N},
  journal={Political analysis},
  pages={1--24},
  year={2012},
  publisher={JSTOR}
}

@article{koster2002marginalizing,
  title={Marginalizing and conditioning in graphical models. Bernoulli 8 817--840},
  author={Koster, JTA},
  journal={Mathematical Reviews (MathSciNet): MR1963663 Project Euclid: euclid. bj/1076364807},
  year={2002}
}
 @article{papenbrock2015functional,
  title={Functional dependency discovery: An experimental evaluation of seven algorithms},
  author={Papenbrock, Thorsten and Ehrlich, Jens and Marten, Jannik and Neubert, Tommy and Rudolph, Jan-Peer and Sch{\"o}nberg, Martin and Zwiener, Jakob and Naumann, Felix},
  journal={Proceedings of the VLDB Endowment},
  volume={8},
  number={10},
  pages={1082--1093},
  year={2015},
  publisher={VLDB Endowment}
}



 @article{hernan2011simpson,
  title={The Simpson's paradox unraveled},
  author={Hern{\'a}n, Miguel A and Clayton, David and Keiding, Niels},
  journal={International journal of epidemiology},
  volume={40},
  number={3},
  pages={780--785},
  year={2011},
  publisher={IEA}
} @article{pearl2011simpson,
  title={Simpson's paradox: An anatomy},
  author={Pearl, Judea},
  journal={Department of Statistics, UCLA},
  year={2011}
} @article{kievit2013simpson,
  title={Simpson's paradox in psychological science: a practical guide},
  author={Kievit, Rogier and Frankenhuis, Willem Eduard and Waldorp, Lourens and Borsboom, Denny},
  journal={Frontiers in psychology},
  volume={4},
  pages={513},
  year={2013},
  publisher={Frontiers}
} @article{dawid1979conditional,
  title={Conditional independence in statistical theory},
  author={Dawid, A Philip},
  journal={Journal of the Royal Statistical Society. Series B (Methodological)},
  pages={1--31},
  year={1979},
  publisher={JSTOR}
}

@article{curley2001normative,
  title={Normative and descriptive analyses of Simpson's Paradox in decision making},
  author={Curley, Shawn P and Browne, Glenn J},
  journal={Organizational Behavior and Human Decision Processes},
  volume={84},
  number={2},
  pages={308--333},
  year={2001},
  publisher={Elsevier}
}

@article{cartwright1979causal,
  title={Causal laws and effective strategies},
  author={Cartwright, Nancy},
  journal={Nous},
  pages={419--437},
  year={1979},
  publisher={JSTOR}
}

@article{robins2001data,
  title={Data, design, and background knowledge in etiologic inference},
  author={Robins, James M},
  journal={Epidemiology},
  volume={12},
  number={3},
  pages={313--320},
  year={2001},
  publisher={LWW}
}

 @article{rubin2005causal,
  title={Causal inference using potential outcomes: Design, modeling, decisions},
  author={Rubin, Donald B},
  journal={Journal of the American Statistical Association},
  volume={100},
  number={469},
  pages={322--331},
  year={2005},
  publisher={Taylor \& Francis}
}


@article{greenland2006causal,
  title={Causal diagrams},
  author={Greenland, Sander and Pearl, Judea},
  journal={Encyclopedia of Quantitative Risk Analysis and Assessment},
  year={2006},
  publisher={Wiley Online Library}
}

@article{pearl2009causal,
  title={Causal inference in statistics: An overview},
  author={Pearl, Judea and others},
  journal={Statistics Surveys},
  volume={3},
  pages={96--146},
  year={2009},
  publisher={The author, under a Creative Commons Attribution License}
}
@book{pearl2009causality,
  title={Causality},
  author={Pearl, Judea},
  year={2009},
  publisher={Cambridge university press}
}
@inproceedings{golfarelli2006designing,
  title={Designing what-if analysis: towards a methodology},
  author={Golfarelli, Matteo and Rizzi, Stefano and Proli, Andrea},
  booktitle={Proceedings of the 9th ACM international workshop on Data warehousing and OLAP},
  pages={51--58},
  year={2006},
  organization={ACM}
}

@article{pearl2014comment,
  title={Comment understanding simpson's paradox},
  author={Pearl, Judea},
  journal={The American Statistician},
  volume={68},
  number={1},
  pages={8--13},
  year={2014},
  publisher={Taylor \& Francis}
}

@article{kohavi2004lessons,
  title={Lessons and challenges from mining retail e-commerce data},
  author={Kohavi, Ron and Mason, Llew and Parekh, Rajesh and Zheng, Zijian},
  journal={Machine Learning},
  volume={57},
  number={1-2},
  pages={83--113},
  year={2004},
  publisher={Springer}
}

@TECHREPORT{cio2017,
  author =       {Chief Innformation officer (CIO)},
  title =        {State CIO Top Ten Priorities for 2017},
  year={2017},
  source =       {\url{http://www.nascio.org/Portals/0/Publications/Documents/2017/NASCIO-TopTen-2017.pdf}},
}

@book{gelman2007data,
	title={Data analysis using regression and multilevelhierarchical models},
	author={Gelman, Andrew and Hill, Jennifer},
	volume={1},
	year={2007},
	publisher={Cambridge University Press New York, NY, USA}
}

@article{ho2007matching,
	title={Matching as nonparametric preprocessing for reducing model dependence in parametric causal inference},
	author={Ho, Daniel E and Imai, Kosuke and King, Gary and Stuart, Elizabeth A},
	journal={Political analysis},
	volume={15},
	number={3},
	pages={199--236},
	year={2007},
	publisher={Oxford University Press}
}

@article{pearl2012causal,
	title={The causal mediation formula—a guide to the assessment of pathways and mechanisms},
	author={Pearl, Judea},
	journal={Prevention Science},
	volume={13},
	number={4},
	pages={426--436},
	year={2012},
	publisher={Springer}
}

@article{arah2008role,
  title={The role of causal reasoning in
   understanding Simpson's paradox, Lord's paradox,
   and the suppression effect: covariate selection in the analysis of observational studies},
  author={Arah, Onyebuchi A},
  journal={Emerging Themes in Epidemiology},
  volume={5},
  number={1},
  pages={5},
  year={2008},
  publisher={BioMed Central}
}



@inproceedings{agrawal2012analysis,
  title={Analysis of Thompson Sampling for the Multi-armed Bandit Problem.},
  author={Agrawal, Shipra and Goyal, Navin},
  booktitle={COLT},
  pages={39--1},
  year={2012}
}
 @article{hausser2009entropy,
  title={Entropy inference and the James-Stein estimator, with application to nonlinear gene association networks},
  author={Hausser, Jean and Strimmer, Korbinian},
  journal={Journal of Machine Learning Research},
  volume={10},
  number={Jul},
  pages={1469--1484},
  year={2009}
}

@InCollection{sep-decision-causal,
	author       =	{Weirich, Paul},
	title        =	{Causal Decision Theory},
	booktitle    =	{The Stanford Encyclopedia of Philosophy},
	editor       =	{Edward N. Zalta},
	howpublished =	{\url{https://plato.stanford.edu/archives/win2016/entries/decision-causal/}},
	year         =	{2016},
	edition      =	{Winter 2016},
	publisher    =	{Metaphysics Research Lab, Stanford University}
}
 @inproceedings{lenz2005olap,
  title={OLAP schemata for correct applications},
  author={Lenz, Hans-Joachim and Thalheim, Bernhard},
  booktitle={International Conference on Trends in Enterprise Application Architecture},
  pages={99--113},
  year={2005},
  organization={Springer}
}

@article{freitas2006we,
  title={Are we really discovering interesting knowledge from data},
  author={Freitas, Alex A},
  journal={Expert Update (the BCS-SGAI magazine)},
  volume={9},
  number={1},
  pages={41--47},
  year={2006},
  publisher={The British Computer Society}
}

@inproceedings{Binnig2017TowardSI,
  title={Toward Sustainable Insights, or Why Polygamy is Bad for You},
  author={Carsten Binnig and Lorenzo De Stefani and Tim Kraska and Eli Upfal and Emanuel Zgraggen and Zheguang Zhao},
  booktitle={CIDR},
  year={2017}
}




@article{gkesoulis2015cinecubes,
  title={CineCubes: aiding data workers gain insights from OLAP queries},
  author={Gkesoulis, Dimitrios and Vassiliadis, Panos and Manousis, Petros},
  journal={Information Systems},
  volume={53},
  pages={60--86},
  year={2015},
  publisher={Elsevier}
}



@inproceedings{stonebraker1982timber,
  title={TIMBER: A sophisticated relation browser},
  author={Stonebraker, Michael and Kalash, Joseph},
  booktitle={Proceedings of the 8th International Conference on Very Large Data Bases},
  pages={1--10},
  year={1982},
  organization={Morgan Kaufmann Publishers Inc.}
}

@inproceedings{key2012vizdeck,
  title={Vizdeck: self-organizing dashboards for visual analytics},
  author={Key, Alicia and Howe, Bill and Perry, Daniel and Aragon, Cecilia},
  booktitle={Proceedings of the 2012 ACM SIGMOD International Conference on Management of Data},
  pages={681--684},
  year={2012},
  organization={ACM}
}



@inproceedings{cetintemel2013query,
  title={Query Steering for Interactive Data Exploration.},
  author={Cetintemel, Ugur and Cherniack, Mitch and DeBrabant, Justin and Diao, Yanlei and Dimitriadou, Kyriaki and Kalinin, Alexander and Papaemmanouil, Olga and Zdonik, Stanley B},
  booktitle={CIDR},
  year={2013}
}
@inproceedings{dimitriadou2014explore,
  title={Explore-by-example: An automatic query steering framework for interactive data exploration},
  author={Dimitriadou, Kyriaki and Papaemmanouil, Olga and Diao, Yanlei},
  booktitle={Proceedings of the 2014 ACM SIGMOD international conference on Management of data},
  pages={517--528},
  year={2014},
  organization={ACM}
}
@inproceedings{marcel2011survey,
  title={A survey of query recommendation techniques for data warehouse exploration.},
  author={Marcel, Patrick and Negre, Elsa},
  booktitle={EDA},
  pages={119--134},
  year={2011}
}

@inproceedings{sarawagi2000user,
  title={User-Adaptive Exploration of Multidimensional Data.},
  author={Sarawagi, Sunita},
  booktitle={VLDB},
  volume={2000},
  pages={307--316},
  year={2000}
}

@article{chaudhuri2001database,
  title={Database technology for decision support systems},
  author={Chaudhuri, Surajit and Dayal, Umeshwar and Ganti, Venkatesh},
  journal={Computer},
  volume={34},
  number={12},
  pages={48--55},
  year={2001},
  publisher={IEEE}
}
@inproceedings{idreos2015overview,
  title={Overview of data exploration techniques},
  author={Idreos, Stratos and Papaemmanouil, Olga and Chaudhuri, Surajit},
  booktitle={Proceedings of the 2015 ACM SIGMOD International Conference on Management of Data},
  pages={277--281},
  year={2015},
  organization={ACM}
}

@inproceedings{sarawagi1998discovery,
  title={Discovery-driven exploration of OLAP data cubes},
  author={Sarawagi, Sunita and Agrawal, Rakesh and Megiddo, Nimrod},
  booktitle={International Conference on Extending Database Technology},
  pages={168--182},
  year={1998},
  organization={Springer}
}

@article{findlater2003iceberg,
  title={Iceberg-cube algorithms: An empirical evaluation on synthetic and real data},
  author={Findlater, Leah and Hamilton, Howard J},
  journal={Intelligent Data Analysis},
  volume={7},
  number={2},
  pages={77--97},
  year={2003},
  publisher={IOS Press}
}
@article{he2012efficient,
  title={Efficient iceberg query evaluation using compressed bitmap index},
  author={He, Bin and Hsiao, Hui-I and Liu, Ziyang and Huang, Yu and Chen, Yi},
  journal={IEEE Transactions on Knowledge and data engineering},
  volume={24},
  number={9},
  pages={1570--1583},
  year={2012},
  publisher={IEEE}
}


@inproceedings{dougherty1995supervised,
  title={Supervised and unsupervised discretization of continuous features},
  author={Dougherty, James and Kohavi, Ron and Sahami, Mehran and others},
  booktitle={Machine learning: proceedings of the twelfth international conference},
  volume={12},
  pages={194--202},
  year={1995}
}


@inproceedings{fang1999computing,
  title={Computing Iceberg Queries Efficiently.},
  author={Fang, Min and Shivakumar, Narayanan and Garcia-Molina, Hector and Motwani, Rajeev and Ullman, Jeffrey D},
  booktitle={Internaational Conference on Very Large Databases (VLDB'98), New York, August 1998},
  year={1999},
  organization={Stanford InfoLab}
}

@article{cochran1968effectiveness,
  title={The effectiveness of adjustment by subclassification in removing bias in observational studies},
  author={Cochran, William G},
  journal={Biometrics},
  pages={295--313},
  year={1968},
  publisher={JSTOR}
}
@inproceedings{DBLP:conf/icdt/SalimiB15,
  author    = {Babak Salimi and
               Leopoldo E. Bertossi},
  title     = {From Causes for Database Queries to Repairs and Model-Based Diagnosis
               and Back},
  booktitle= {ICDT},
  pages     = {342--362},
  year      = {2015},
}

@article{iacus2009cem,
  title={CEM: software for coarsened exact matching},
  author={Iacus, Stefano M and King, Gary and Porro, Giuseppe and others},
  journal={Journal of Statistical Software},
  volume={30},
  number={9},
  pages={1--27},
  year={2009},
  publisher={American Statistical Association}
}


@article{hougardy2006approximating,
  title={Approximating weighted matchings in parallel},
  author={Hougardy, Stefan and Vinkemeier, Doratha E},
  journal={Information Processing Letters},
  volume={99},
  number={3},
  pages={119--123},
  year={2006},
  publisher={Elsevier}
}

@inproceedings{schleich2016learning,
  title={Learning linear regression models over factorized joins},
  author={Schleich, Maximilian and Olteanu, Dan and Ciucanu, Radu},
  booktitle={ACM SIGMOD},
  year={2016}
}

@inproceedings {SalimiTaPP16,
  author={Babak Salimi and Leopoldo Bertossi and Dan Suciu and Guy {Van den Broeck}},
  title = {Quantifying Causal Effects on Query Answering in Databases},
  booktitle = {TaPP},
  year = {2016},
}



@article{rosenbaum1984reducing,
  title={Reducing bias in observational studies using subclassification on the propensity score},
  author={Rosenbaum, Paul R and Rubin, Donald B},
  journal={Journal of the American statistical Association},
  volume={79},
  number={387},
  pages={516--524},
  year={1984},
  publisher={Taylor \& Francis Group}
}
@article{Neumann15,
  title={Efficient processing of window functions in analytical SQL queries},
  author={Leis, Viktor and Kundhikanjana, Kan and Kemper, Alfons and Neumann, Thomas},
  journal={Proceedings of the VLDB Endowment},
  volume={8},
  number={10},
  pages={1058--1069},
  year={2015},
  publisher={VLDB Endowment}
}
@article{Rosenbaum93,
  title={Comparison of multivariate matching methods: Structures, distances, and algorithms},
  author={Gu, Xing Sam and Rosenbaum, Paul R},
  journal={Journal of Computational and Graphical Statistics},
  volume={2},
  number={4},
  pages={405--420},
  year={1993},
  publisher={Taylor \& Francis}
}


@book{obe2015postgis,
  title={PostGIS in action},
  author={Obe, Regina O and Hsu, Leo S},
  year={2015},
  publisher={Manning Publications Co.}
}

@article{conrady2013causal,
  title={Causal Inference with Bayesian Networks},
  author={Conrady, Stefan and Jouffe, Lionel},
  year={2013}
}

@incollection{rosenbaum2002observational,
  title={Observational studies},
  author={Rosenbaum, Paul R},
  booktitle={Observational Studies},
  pages={1--17},
  year={2002},
  publisher={Springer}
}

@article{Avis83,
  title={A survey of heuristics for the weighted matching problem},
  author={Avis, David},
  journal={Networks},
  volume={13},
  number={4},
  pages={475--493},
  year={1983},
  publisher={Wiley Online Library}
}
@article{dehejia99,
  title={Causal effects in nonexperimental studies: Reevaluating the evaluation of training programs},
  author={Dehejia, Rajeev H and Wahba, Sadek},
  journal={Journal of the American statistical Association},
  volume={94},
  number={448},
  pages={1053--1062},
  year={1999},
  publisher={Taylor \& Francis Group}
}
@article{lunt2014selecting,
  title={Selecting an appropriate caliper can be essential for achieving good balance with propensity score matching},
  author={Lunt, Mark},
  journal={American journal of epidemiology},
  volume={179},
  number={2},
  pages={226--235},
  year={2014},
  publisher={Oxford Univ Press}
}
@article{IacKinPor09,
  title={Causal inference without balance checking: Coarsened exact matching},
  author={Iacus, Stefano M and King, Gary and Porro, Giuseppe},
  journal={Political analysis},
  pages={mpr013},
  year={2011},
  publisher={SPM-PMSAPSA}
}

@article{ho2005,
  title={Matching as nonparametric preprocessing for reducing model dependence in parametric causal inference},
  author={Ho, Daniel E and Imai, Kosuke and King, Gary and Stuart, Elizabeth A},
  journal={Political analysis},
  volume={15},
  number={3},
  pages={199-236},
  year={2007},
  publisher={SPM-PMSAPSA}
}

@article{Stuart10,
  title={Matching methods for causal inference: A review and a look forward},
  author={Stuart, Elizabeth A},
  journal={Statistical science},
  volume={25},
  number={1},
  pages={1},
  year={2010},
  publisher={NIH Public Access}
}

@article{king15,
  title={Why propensity scores should not be used for matching},
  author={King, Gary and Nielsen, Richard},
  journal={Working Paper},
  volume={378},
  year={2016}
}

@article{janzing2013quantifying,
  title={Quantifying causal influences},
  author={Janzing, Dominik and others},
  journal={The Annals of Statistics},
  volume={41},
  number={5},
  pages={2324--2358},
  year={2013},
  publisher={Institute of Mathematical Statistics}
}
@article{de2011covariate,
  title={Covariate selection for the nonparametric estimation of an average treatment effect},
  author={De Luna, Xavier and Waernbaum, Ingeborg and Richardson, Thomas S},
  journal={Biometrika},
  pages={asr041},
  year={2011},
  publisher={Biometrika Trust}
}




@article{richardson2013single,
  title={Single World Intervention Graphs (SWIGs): A unification of the counterfactual and graphical approaches to causality},
  author={Richardson, Thomas S and Robins, James M},
  journal={Center for the Statistics and the Social Sciences, University of Washington Series. Working Paper},
  volume={128},
  number={30},
  pages={2013},
  year={2013},
  publisher={Citeseer}
}

@misc{Weatherdata,
   author = {{The Weather Underground API}},
   title={{\mbox{\url{http://www.wunderground.com/weather/api/}}}},
 }

@misc{CRAN,
  title        = {{\mbox{\url{https://cran.r-project.org/web/packages/}}}} ,
  author       = {{CRAN package repository}},
}





@misc{weather,
   author = {{Article America's Worst Weather-Delayed Airports}},
   title = {\url{ https://weather.com/travel/news/america-worst-weather-delayed-airports}},

 }

@misc{weba1,
   title = "Factors Affecting Aircraft Performance During Takeoff and Climb",
   year = "2016",
   url =  "\href{http://www.skybrary.aero/index.php/AP4ATCO\_-\_Factors\_Affecting\_Aircraft\_Performance\_During\_Takeoff\_and\_Climb}",
 }





@misc{FAA08,
   author = {{United States Department of Transportation, Federal Aviation Administration}},
   title = {{FAA. Pilots Handbook of Aeronautical Knowledge}},
   year = {2008},
 }

\ignore{
\bibitem{weba1}
\newblock   Factors Affecting Aircraft Performance During Takeoff and Climb.
\newblock  \href{http://www.skybrary.aero/index.php/AP4ATCO\_-\_Factors\_Affecting\_Aircraft\_Performance\_During\_Takeoff\_and\_Climb}
{\small http://www.skybrary.aero/index.php/AP4ATCO\_-\_Factors\_Affecting\_Aircraft\_Performance\_During\_Takeoff\_and\_Climb}


\bibitem{weba2}
\newblock  High and Low Pressure.
\newblock  \href{http://www.weatherworksinc.com/high-low-pressure}{http://www.weatherworksinc.com/high-low-pressure}
}













@article{holland1986statistics,
  title={Statistics and causal inference},
  author={Holland, Paul W},
  journal={Journal of the American statistical Association},
  volume={81},
  number={396},
  pages={945--960},
  year={1986},
  publisher={Taylor \& Francis}
}


@article{king2011comparative,
  title={Comparative effectiveness of matching methods for causal inference},
  author={King, Gary and Nielsen, Richard and Coberley, Carter and Pope, James E and Wells, Aaron},
  journal={Unpublished manuscript},
  volume={15},
  year={2011}
}


@book{rubin1970thesis,
  title={The Use of Matched Sampling and Regression Adjustment in Observational Studies},
  author={Rubin, Donald B},
  year={1970},
  publisher={Ph.D. Thesis, Department of Statistics, Harvard University, Cambridge, MA}
}

@book{rubin2006matched,
  title={Matched sampling for causal effects},
  author={Rubin, Donald B},
  year={2006},
  publisher={Cambridge University Press}
}



@article{Cochran1953,
  title={Matching in Analytical Studies.},
  author={William G. Cochran},
  journal={{American Journal of Public Health}},
  volume={43},
  pages={684-691},
  year={1953}
}

@article{Rubin1974,
  title={Estimating causal effects of treatments in randomized and nonrandomized studies.},
  author={Rubin, Donald B},
  journal={{Journal of Educational Psychology}},
  volume={66},
  number={5},
  pages={688},
  year={1974},
  publisher={American Psychological Association}
}



    @article{Holland1986,
     title = {Statistics and Causal Inference},
     author = {Holland, Paul W.},
     journal = {Journal of the American Statistical Association},
     year = {1986},
     volume = {81},
     number = {396},
     pages = {pp. 945-960},
     url = {http://www.jstor.org/stable/2289064},
    }

    @article{Rubin1983b,
     jstor_articletype = {research-article},
     title = {The Central Role of the Propensity Score in Observational Studies for Causal Effects},
     author = {Rosenbaum, Paul R. and Rubin, Donald B.},
     journal = {Biometrika},
     volume = {70},
     number = {1},
     pages = {pp. 41-55},
     year = {1983},
     publisher = {Oxford University Press on behalf of Biometrika Trust}
    }


@article{Rubin2005,
author = {Donald B Rubin},
title = {Causal Inference Using Potential Outcomes},
journal = {Journal of the American Statistical Association},
volume = {100},
number = {469},
pages = {322-331},
year = {2005},
doi = {10.1198/016214504000001880}
}


@book{Fisher1935design,
  title={The design of experiments},
  author={Fisher, Ronald Aylmer},
  year={1935},
  publisher={Oliver and Boyd, Oxford, England}
}


@article{Fisher1918,
author = {Fisher, Ronald Aylmer},
title = {{The Causes of Human Variability}},
journal = {The Eugenics Review},
volume = {10},
number = {4},
pages = {213-220},
year = {1919}
}

@incollection{Fisher1926,
year={1992},
isbn={978-0-387-94039-7},
booktitle={Breakthroughs in Statistics},
series={Springer Series in Statistics},
editor={Kotz, Samuel and Johnson, NormanL.},
doi={10.1007/978-1-4612-4380-9_8},
title={The Arrangement of Field Experiments},
url={http://dx.doi.org/10.1007/978-1-4612-4380-9_8},
publisher={Springer New York},
author={Fisher, R.A.},
pages={82-91},
language={English}
}

@article{Campbell1957,
author = {Campbell, Donald T.},
title = {{Factors relevant to the validity of experiments in social settings.}},
journal = {Psychological Bulletin},
volume = {54},
number = {4},
pages = {297-312},
year = {1957},
month={July}
}

@book{ShadishCookCampbell2002,
 author = {Shadish, W.R. and Cook, T.D. and Campbell, D.T.},
 title = {Experimental and quasi-experimental designs for generalized causal inference},
 year = {2002},
 edition = {1st},
 publisher = {Houghton Mifflin},
}

@article{WestT2010CampbellRubin,
  title={{Campbell’s and Rubin’s perspectives on causal inference}},
  author={West, Stephen G and Thoemmes, Felix},
  journal={Psychological methods},
  volume={15},
  number={1},
  pages={18},
  year={2010},
  publisher={American Psychological Association}
}

@article{rubin1986statistics,
  title={Statistics and causal inference: Comment: Which ifs have causal answers},
  author={Rubin, Donald B},
  journal={Journal of the American Statistical Association},
  volume={81},
  number={396},
  pages={961--962},
  year={1986}
}

@article{rubin2001using,
  title={Using propensity scores to help design observational studies: application to the tobacco litigation},
  author={Rubin, Donald B},
  journal={Health Services and Outcomes Research Methodology},
  volume={2},
  number={3-4},
  pages={169--188},
  year={2001},
  publisher={Springer}
}









@article{flightdata,
author={Dataset: Airline On-Time Performance},
title={{{\url{http://www.transtats.bts.gov/}}}},
journal={Bureau of Transportation Statistics, United States Department of Transportation}
}






@article{d3,
author={{D3: Data-Driven Documents}},
  title= {\mbox{\url{http://d3js.org/}}}
}

@article{jtds,
  title = {\mbox{\url{http://jtds.sourceforge.net/}}},
  }

  @article{cra-ugrad,
author={{Outstanding Undergraduate Researchers Award Program by Computing Research Association (CRA)}},
  title={\mbox{\url{http://cra.org/awards/undergrad/}}}
  }

  @article{sigmod-ugrad,
  title={\mbox{\url{http://www.sigmod2015.org/calls_papers_sigmod_undergrad_poster.shtml}}}
  }
  @article{aws,
author={{Amazon Web Services}},
  title={\mbox{\url{http://aws.amazon.com/}}}
  }


@article{cloudera,
author={{Cloudera}},
title={\mbox{\url{http://www.cloudera.com/content/cloudera/en/home.html}}}
}

@article{hp,
author={{HP Haven}},
title={\mbox{\url{http://www8.hp.com/us/en/software-solutions/big-data-platform-haven/}}}
}

@article{netezza,
author={{IBM Netezza}},
title={\mbox{\url{http://www-01.ibm.com/software/data/netezza/}}}
}

@article{femmes,
author={{Duke FEMMES:
Females Excelling More in Math, Engineering, and Science}},
title={\mbox{\url{http://sites.duke.edu/femmes/}}},
}






@inproceedings{Fuhr:probdatalog:1995,
 author = {Fuhr, Norbert},
 title = {Probabilistic Datalog: a Logic for Powerful Retrieval Methods},
 booktitle = {Proceedings of the 18th Annual International ACM SIGIR Conference on Research and Development in Information Retrieval},
 series = {SIGIR '95},
 year = {1995},
 isbn = {0-89791-714-6},
 location = {Seattle, Washington, USA},
 pages = {282--290}
}


@inproceedings{DBLP:conf/pods/DeutchKM10,
  author    = {Daniel Deutch and
               Christoph Koch and
               Tova Milo},
  title     = {On probabilistic fixpoint and Markov chain query languages},
  booktitle = {Proceedings of the Twenty-Ninth {ACM} {SIGMOD-SIGACT-SIGART} Symposium
               on Principles of Database Systems, ({PODS})},
  pages     = {215--226},
  year      = {2010}
}


  @inproceedings{tenCate+:whynot:2015,
 author = {ten Cate, Balder and Civili, Cristina and Sherkhonov, Evgeny and Tan, Wang-Chiew},
 title = {High-Level Why-Not Explanations Using Ontologies},
 booktitle = {Proceedings of the 34th ACM Symposium on Principles of Database Systems},
 series = {PODS '15},
 year = {2015},
 isbn = {978-1-4503-2757-2},
 location = {Melbourne, Victoria, Australia},
 pages = {31--43},
 numpages = {13}
}


  @inproceedings{Xin+:shark:2013,
 author = {Xin, Reynold S. and Rosen, Josh and Zaharia, Matei and Franklin, Michael J. and Shenker, Scott and Stoica, Ion},
 title = {Shark: SQL and Rich Analytics at Scale},
 booktitle = {Proceedings of the 2013 ACM SIGMOD International Conference on Management of Data},
 series = {SIGMOD '13},
 year = {2013},
 pages = {13--24},
 numpages = {12}
}


@inproceedings{Huang+:2015,
 author = {Huang, Botong and Boehm, Matthias and Tian, Yuanyuan and Reinwald, Berthold and Tatikonda, Shirish and Reiss, Frederick R.},
 title = {Resource Elasticity for Large-Scale Machine Learning},
 booktitle = {Proceedings of the 2015 ACM SIGMOD International Conference on Management of Data},
 series = {SIGMOD '15},
 year = {2015},
 isbn = {978-1-4503-2758-9},
 location = {Melbourne, Victoria, Australia},
 pages = {137--152}
}

  @article{healthcare,
year={2014},
journal={Health Information Science and Systems},
eid={3},
volume={2},
number={1},
title={Big data analytics in healthcare: promise and potential},
publisher={BioMed Central},
author={Raghupathi, Wullianallur and Raghupathi, Viju},
}

@article{Calinescu+:submodular:2011,
 author = {Calinescu, Gruia and Chekuri, Chandra and P\'{a}l, Martin and Vondr\'{a}k, Jan},
 title = {Maximizing a Monotone Submodular Function Subject to a Matroid Constraint},
 journal = {SIAM J. Comput.},
 issue_date = {November 2011},
 volume = {40},
 number = {6},
 month = dec,
 year = {2011},
 issn = {0097-5397},
 pages = {1740--1766},
 numpages = {27}
}


@inproceedings{StolteH:polaris:2000,
 author = {Stolte, Chris and Hanrahan, Pat},
 title = {Polaris: A System for Query, Analysis and Visualization of Multi-Dimensional Relational Databases},
 booktitle = {Proceedings of the IEEE Symposium on Information Vizualization 2000},
 series = {INFOVIS '00},
 year = {2000},
 isbn = {0-7695-0804-9},
 pages = {5--}
}

@inproceedings{StonebrakerK:timber:1982,
 author = {Stonebraker, Michael and Kalash, Joseph},
 title = {TIMBER: A Sophisticated Relation Browser (Invited Paper)},
 booktitle = {Proceedings of the 8th International Conference on Very Large Data Bases},
 series = {VLDB '82},
 year = {1982},
 isbn = {0-934613-14-1},
 pages = {1--10},
 numpages = {10}
}

@inproceedings{BattleSC:vis:2013,
  author    = {Leilani Battle and
               Michael Stonebraker and
               Remco Chang},
  title     = {Dynamic reduction of query result sets for interactive visualizaton},
  booktitle = {Proceedings of the 2013 {IEEE} International Conference on Big Data,
               6-9 October 2013, Santa Clara, CA, {USA}},
  pages     = {1--8},
  year      = {2013}
}


@inproceedings{DBLP:conf/edbt/Keim14,
  author    = {Daniel A. Keim},
  title     = {Exploring Big Data using Visual Analytics},
  booktitle = {Proceedings of the Workshops of the {EDBT/ICDT} 2014 Joint Conference
               {(EDBT/ICDT})},
  pages     = {160},
  year      = {2014}
}

@inproceedings{Neophytou+:astroshelf:2012,
 author = {Neophytou, Panayiotis and Gheorghiu, Roxana and Hachey, Rebecca and Luciani, Timothy and Bao, Di and Labrinidis, Alexandros and Marai, Elisabeta G. and Chrysanthis, Panos K.},
 title = {AstroShelf: Understanding the Universe Through Scalable Navigation of a Galaxy of Annotations},
 booktitle = {Proceedings of the 2012 ACM SIGMOD International Conference on Management of Data},
 series = {SIGMOD '12},
 year = {2012},
 isbn = {978-1-4503-1247-9},
 pages = {713--716},
 numpages = {4},
}



@inproceedings{IdreosPC:dataexploration:2015,
 author = {Idreos, Stratos and Papaemmanouil, Olga and Chaudhuri, Surajit},
 title = {Overview of Data Exploration Techniques},
 booktitle = {Proceedings of the 2015 ACM SIGMOD International Conference on Management of Data},
 series = {SIGMOD '15},
 year = {2015},
 isbn = {978-1-4503-2758-9},
 pages = {277--281},
 numpages = {5}
}


@book{probdbbook,
 author = {Suciu, Dan and Olteanu, Dan and Christopher, R. and Koch, Christoph},
 title = {Probabilistic Databases},
 year = {2011},
 isbn = {1608456803, 9781608456802},
 edition = {1st},
 publisher = {Morgan \& Claypool Publishers},
}


@article{DalviS:JACM:2012,
  author    = {Nilesh N. Dalvi and
               Dan Suciu},
  title     = {The dichotomy of probabilistic inference for unions of conjunctive
               queries},
  journal   = {J. {ACM}},
  volume    = {59},
  number    = {6},
  pages     = {30},
  year      = {2012},
  url       = {http://doi.acm.org/10.1145/2395116.2395119},
  doi       = {10.1145/2395116.2395119},
  timestamp = {Tue, 15 Jan 2013 18:36:30 +0100},
  biburl    = {http://dblp.uni-trier.de/rec/bib/journals/jacm/DalviS12},
  bibsource = {dblp computer science bibliography, http://dblp.org}
}

@article{RichardsonD:MLN:2006,
 author = {Richardson, Matthew and Domingos, Pedro},
 title = {Markov Logic Networks},
 journal = {Mach. Learn.},
 issue_date = {February  2006},
 volume = {62},
 number = {1-2},
 month = feb,
 year = {2006},
 issn = {0885-6125},
 pages = {107--136},
 numpages = {30}
}


@INPROCEEDINGS{Sarwar+00,
    author = {Badrul M. Sarwar and George Karypis and Joseph A. Konstan and John T. Riedl},
    title = {Application of Dimensionality Reduction in Recommender System -- A Case Study},
    booktitle = {IN ACM WEBKDD WORKSHOP},
    year = {2000},
    publisher = {}
}

@article{ghodsi2006dimensionality,
  title={Dimensionality reduction a short tutorial},
  author={Ghodsi, Ali},
  journal={Department of Statistics and Actuarial Science, Univ. of Waterloo, Ontario, Canada},
  year={2006}
}

@inproceedings{RamanS:2006,
 author = {Raman, Vijayshankar and Swart, Garret},
 title = {How to Wring a Table Dry: Entropy Compression of Relations and Querying of Compressed Relations},
 booktitle = {Proceedings of the 32Nd International Conference on Very Large Data Bases},
 series = {VLDB '06},
 year = {2006},
 location = {Seoul, Korea},
 pages = {858--869}
}


@article{VoV:2007,
 author = {Vo, Binh Dao and Vo, Kiem-Phong},
 title = {Compressing Table Data with Column Dependency},
 journal = {Theor. Comput. Sci.},
 issue_date = {November, 2007},
 volume = {387},
 number = {3},
 month = nov,
 year = {2007},
 issn = {0304-3975},
 pages = {273--283}
}


@inproceedings{KahnKL:1988,
 author = {Kahn, J. and Kalai, G. and Linial, N.},
 title = {The Influence of Variables on Boolean Functions},
 booktitle = {Proceedings of the 29th Annual Symposium on Foundations of Computer Science},
 series = {SFCS '88},
 year = {1988},
 isbn = {0-8186-0877-3},
 pages = {68--80}
}


@book{nelson1996data,
  title={The data compression book},
  author={Nelson, Mark and Gailly, Jean-Loup},
  volume={2},
  year={1996},
  publisher={M\&T Books New York}
}

@article{HarinarayanRU:1996,
 author = {Harinarayan, Venky and Rajaraman, Anand and Ullman, Jeffrey D.},
 title = {Implementing Data Cubes Efficiently},
 journal = {SIGMOD Rec.},
 issue_date = {June 1996},
 volume = {25},
 number = {2},
 month = jun,
 year = {1996},
 issn = {0163-5808},
 pages = {205--216}
}


@inproceedings{Gupta+:1997,
 author = {Gupta, Himanshu and Harinarayan, Venky and Rajaraman, Anand and Ullman, Jeffrey D.},
 title = {Index Selection for OLAP},
 booktitle = {Proceedings of the Thirteenth International Conference on Data Engineering},
 series = {ICDE '97},
 year = {1997},
 isbn = {0-8186-7807-0},
 pages = {208--219}
}


@article{Gray+:cube:1997,
 author = {Gray, Jim and Chaudhuri, Surajit and Bosworth, Adam and Layman, Andrew and Reichart, Don and Venkatrao, Murali and Pellow, Frank and Pirahesh, Hamid},
 title = {Data Cube: A Relational Aggregation Operator Generalizing Group-By, Cross-Tab, and Sub-Totals},
 journal = {Data Min. Knowl. Discov.},
 issue_date = {1997},
 volume = {1},
 number = {1},
 month = jan,
 year = {1997},
 issn = {1384-5810},
 pages = {29--53}
}


@inproceedings{Agarwal+:1996,
 author = {Agarwal, Sameet and Agrawal, Rakesh and Deshpande, Prasad and Gupta, Ashish and Naughton, Jeffrey F. and Ramakrishnan, Raghu and Sarawagi, Sunita},
 title = {On the Computation of Multidimensional Aggregates},
 booktitle = {Proceedings of the 22th International Conference on Very Large Data Bases},
 series = {VLDB '96},
 year = {1996},
 isbn = {1-55860-382-4},
 pages = {506--521}
}


@article{ChaudhuriMN:1999,
 author = {Chaudhuri, Surajit and Motwani, Rajeev and Narasayya, Vivek},
 title = {On Random Sampling over Joins},
 journal = {SIGMOD Rec.},
 issue_date = {June 1999},
 volume = {28},
 number = {2},
 month = jun,
 year = {1999},
 issn = {0163-5808},
 pages = {263--274}
}


@article{ChaudhuriDN:2007,
 author = {Chaudhuri, Surajit and Das, Gautam and Narasayya, Vivek},
 title = {Optimized Stratified Sampling for Approximate Query Processing},
 journal = {ACM Trans. Database Syst.},
 issue_date = {June 2007},
 volume = {32},
 number = {2},
 month = jun,
 year = {2007},
 issn = {0362-5915}
}


@inproceedings{Chaudhuri+:2001,
 author = {Chaudhuri, Surajit and Das, Gautam and Datar, Mayur and Motwani, Rajeev and Narasayya, Vivek R.},
 title = {Overcoming Limitations of Sampling for Aggregation Queries},
 booktitle = {Proceedings of the 17th International Conference on Data Engineering ({ICDE})},
 year = {2001},
 isbn = {0-7695-1001-9},
 pages = {534--542}
}


@inproceedings{OlkenR:1986,
 author = {Olken, Frank and Rotem, Doron},
 title = {Simple Random Sampling from Relational Databases},
 booktitle = {Proceedings of the 12th International Conference on Very Large Data Bases},
 series = {VLDB '86},
 year = {1986},
 isbn = {0-934613-18-4},
 pages = {160--169}
}


@inproceedings{AgarwalMKTJMMS14,
 author = {Agarwal, Sameer and Milner, Henry and Kleiner, Ariel and Talwalkar, Ameet and Jordan, Michael and Madden, Samuel and Mozafari, Barzan and Stoica, Ion},
 title = {Knowing when You'Re Wrong: Building Fast and Reliable Approximate Query Processing Systems},
 booktitle = {Proceedings of the 2014 ACM SIGMOD International Conference on Management of Data},
 series = {SIGMOD '14},
 year = {2014},
 isbn = {978-1-4503-2376-5},
 location = {Snowbird, Utah, USA},
 pages = {481--492}
}
              ,



@book{shalizi2013advanced,
  title={Advanced data analysis from an elementary point of view},
  author={Shalizi, Cosma},
  year={2012},
  publisher={Cambridge University Press}
}

@inproceedings{ball2010total,
  title={Total delay impact study},
  author={Ball, Michael and others},
  booktitle={NEXTOR Research Symposium, Washington DC.},
  year={2010}
}

@article{AgarwalPMIMS12,
 author = {Agarwal, Sameer and Iyer, Anand P. and Panda, Aurojit and Madden, Samuel and Mozafari, Barzan and Stoica, Ion},
 title = {Blink and It's Done: Interactive Queries on Very Large Data},
 journal = {Proc. VLDB Endow. (PVLDB)},
 issue_date = {August 2012},
 volume = {5},
 number = {12},
 month = aug,
 year = {2012},
 issn = {2150-8097},
 pages = {1902--1905},
}

@article{pearl2010introduction,
  title={An introduction to causal inference},
  author={Pearl, Judea},
  journal={The international journal of biostatistics},
  volume={6},
  number={2},
  year={2010}
}



@inproceedings{hustadt1994we,
  author    = {Ullrich Hustadt},
  title     = {Do we need the closed world assumption in knowledge representation?},
  booktitle = {Reasoning about Structured Objects: Knowledge Representation Meets
               Databases, Proceedings of 1st Workshop KRDB'94},
  year      = {1994}
}

@inproceedings{StoyanovichAM:2011,
 author = {Stoyanovich, Julia and Amer-Yahia, Sihem and Milo, Tova},
 title = {Making Interval-based Clustering Rank-aware},
 booktitle = {Proceedings of the 14th International Conference on Extending Database Technology},
 series = {EDBT/ICDT '11},
 year = {2011},
 isbn = {978-1-4503-0528-0},
 location = {Uppsala, Sweden},
 pages = {437--448}
}



@inproceedings{Feng+:2012,
 author = {Feng, Xixuan and Kumar, Arun and Recht, Benjamin and R{\'e}, Christopher},
 title = {Towards a Unified Architecture for in-RDBMS Analytics},
 booktitle = {Proceedings of the 2012 ACM SIGMOD International Conference on Management of Data},
 series = {SIGMOD '12},
 year = {2012},
 isbn = {978-1-4503-1247-9},
 location = {Scottsdale, Arizona, USA},
 pages = {325--336}
}



@article{ChaudhuriD:olapsurvey:1997,
 author = {Chaudhuri, Surajit and Dayal, Umeshwar},
 title = {An Overview of Data Warehousing and OLAP Technology},
 journal = {SIGMOD Rec.},
 issue_date = {March 1997},
 volume = {26},
 number = {1},
 month = mar,
 year = {1997},
 issn = {0163-5808},
 pages = {65--74}
}

@article{VassiliadisS:olapmodelsurvey:1999,
 author = {Vassiliadis, Panos and Sellis, Timos},
 title = {A Survey of Logical Models for OLAP Databases},
 journal = {SIGMOD Rec.},
 issue_date = {Dec.1999},
 volume = {28},
 number = {4},
 month = dec,
 year = {1999},
 issn = {0163-5808},
 pages = {64--69},
 numpages = {6}
}



@book{aristotle1947aristotle,
  title={Aristotle Metaphysics},
  author={Aristotle and Tredennick, Hugh},
  year={1947},
  publisher={Harvard University Press}
}

@InCollection{sep-aristotle-causality,
	author       =	{Falcon, Andrea},
	title        =	{Aristotle on Causality},
	booktitle    =	{The Stanford Encyclopedia of Philosophy},
	editor       =	{Edward N. Zalta},
	howpublished =	{\mbox{\url{http://plato.stanford.edu/archives/spr2015/entries/aristotle-causality/}}},
	year         =	{2015},
	edition      =	{Spring 2015},
}


@book{Pearson1900,
title = {The grammar of science},
url = {http://www.biodiversitylibrary.org/item/26639},
note = {http://www.biodiversitylibrary.org/item/26639},
publisher = {London,A. and C. Black,},
author = {Pearson, Karl},
year = {1900},
pages = {584},
keywords = {Classification of sciences|Evolution|Philosophy|Science|},
}


@incollection{Hempel1965,
	editor = {},
	title = {Aspects of Scientific Explanation},
	number = {1},
	author = {Carl Gustav Hempel},
	booktitle = {Philosophy, Philosophy and Phenomenological Research},
	year = {1965},
	publisher = {Free Press},
	volume = {27},
	pages = {504}
}




@inproceedings{Le+14,
 author = {Le, Vu and Gulwani, Sumit},
 title = {FlashExtract: A Framework for Data Extraction by Examples},
 booktitle = {Proceedings of the 35th ACM SIGPLAN Conference on Programming Language Design and Implementation},
 series = {PLDI '14},
 year = {2014},
 isbn = {978-1-4503-2784-8},
 location = {Edinburgh, United Kingdom},
 pages = {542--553}
}



@inproceedings{DasSarma+10,
 author = {Das Sarma, Anish and Parameswaran, Aditya and Garcia-Molina, Hector and Widom, Jennifer},
 title = {Synthesizing View Definitions from Data},
 booktitle = {Proc. 13th International Conference on Database Theory},
 series = {ICDT '10},
 year = {2010},
 isbn = {978-1-60558-947-3},
 location = {Lausanne, Switzerland},
 pages = {89--103}
}




@inproceedings{Tran+09,
 author = {Tran, Quoc Trung and Chan, Chee-Yong and Parthasarathy, Srinivasan},
 title = {Query by Output},
 booktitle = {Proceedings of the 2009 ACM SIGMOD International Conference on Management of Data},
 series = {SIGMOD '09},
 year = {2009},
 isbn = {978-1-60558-551-2},
 location = {Providence, Rhode Island, USA},
 pages = {535--548}
}





@inproceedings{DalviS04,
  author    = {Nilesh N. Dalvi and
               Dan Suciu},
  title     = {Efficient Query Evaluation on Probabilistic Databases},
  booktitle = {Proceedings of the Thirtieth International Conference on Very Large
               Data Bases},
 series = {VLDB '04},
  pages     = {864--875},
  year      = {2004}
}


@inproceedings{Boulos+:mystiq:2005,
 author = {Boulos, Jihad and Dalvi, Nilesh and Mandhani, Bhushan and Mathur, Shobhit and Re, Chris and Suciu, Dan},
 title = {MYSTIQ: A System for Finding More Answers by Using Probabilities},
 booktitle = {Proceedings of the 2005 ACM SIGMOD International Conference on Management of Data},
 series = {SIGMOD '05},
 year = {2005},
 isbn = {1-59593-060-4},
 location = {Baltimore, Maryland},
 pages = {891--893}
}


@inproceedings{Huang+:maybms:2009,
 author = {Huang, Jiewen and Antova, Lyublena and Koch, Christoph and Olteanu, Dan},
 title = {MayBMS: A Probabilistic Database Management System},
 booktitle = {Proceedings of the 2009 ACM SIGMOD International Conference on Management of Data},
 series = {SIGMOD '09},
 year = {2009},
 isbn = {978-1-60558-551-2},
 location = {Providence, Rhode Island, USA},
 pages = {1071--1074}
}


@inproceedings{KanagalLD:2011,
 author = {Kanagal, Bhargav and Li, Jian and Deshpande, Amol},
 title = {Sensitivity Analysis and Explanations for Robust Query Evaluation in Probabilistic Databases},
 booktitle = {Proceedings of the 2011 ACM SIGMOD International Conference on Management of Data},
 series = {SIGMOD '11},
 year = {2011},
 isbn = {978-1-4503-0661-4},
 location = {Athens, Greece},
 pages = {841--852}
}


@article{SenDG:2009,
 author = {Sen, Prithviraj and Deshpande, Amol and Getoor, Lise},
 title = {PrDB: Managing and Exploiting Rich Correlations in Probabilistic Databases},
 journal = {The VLDB Journal},
 issue_date = {October   2009},
 volume = {18},
 number = {5},
 month = oct,
 year = {2009},
 issn = {1066-8888},
 pages = {1065--1090}
}


@article{ImielinskiL:1984,
 author = {Imieli\'{n}ski, Tomasz and Lipski,Jr., Witold},
 title = {Incomplete Information in Relational Databases},
 journal = {J. ACM},
 issue_date = {Oct. 1984},
 volume = {31},
 number = {4},
 month = sep,
 year = {1984},
 issn = {0004-5411},
 pages = {761--791}
}


@inproceedings{GreenT:2006,
 author = {Green, Todd J. and Tannen, Val},
 title = {Models for Incomplete and Probabilistic Information},
 booktitle = {Proceedings of the 2006 International Conference on Current Trends in Database Technology},
 series = {EDBT'06},
 year = {2006},
 isbn = {3-540-46788-2, 978-3-540-46788-5},
 location = {Munich, Germany},
 pages = {278--296}
}


@inproceedings{DBLP:conf/cidr/KraskaTDGFJ13,
  author    = {Tim Kraska and
               Ameet Talwalkar and
               John C. Duchi and
               Rean Griffith and
               Michael J. Franklin and
               Michael I. Jordan},
  title     = {MLbase: {A} Distributed Machine-learning System},
  booktitle = {Sixth Biennial Conference on Innovative Data Systems
               Research (CIDR)},
  year      = {2013}
}



@article{Hellerstein+:MADLIB:2012,
 author = {Hellerstein, Joseph M. and R{\'e}, Christoper and Schoppmann, Florian and Wang, Daisy Zhe and Fratkin, Eugene and Gorajek, Aleksander and Ng, Kee Siong and Welton, Caleb and Feng, Xixuan and Li, Kun and Kumar, Arun},
 title = {The MADlib Analytics Library: Or MAD Skills, the SQL},
 journal = {Proc. VLDB Endow. (PVLDB)},
 issue_date = {August 2012},
 volume = {5},
 number = {12},
 month = aug,
 year = {2012},
 issn = {2150-8097},
 pages = {1700--1711}
}


@inproceedings{JinHE:2004,
 author = {Jin, Wen and Han, Jiawei and Ester, Martin},
 title = {Mining Thick Skylines over Large Databases},
 booktitle = {Proceedings of the 8th European Conference on Principles and Practice of Knowledge Discovery in Databases},
 series = {PKDD '04},
 year = {2004},
 isbn = {3-540-23108-0},
 location = {Pisa, Italy},
 pages = {255--266}
}




@article{Liu:2009,
 author = {Liu, Tie-Yan},
 title = {Learning to Rank for Information Retrieval},
 journal = {Found. Trends Inf. Retr.},
 issue_date = {March 2009},
 volume = {3},
 number = {3},
 month = mar,
 year = {2009},
 issn = {1554-0669},
 pages = {225--331}
}


@inproceedings{Liu:2008,
 author = {Liu, Nathan N. and Yang, Qiang},
 title = {EigenRank: A Ranking-oriented Approach to Collaborative Filtering},
 booktitle = {Proceedings of the 31st Annual International ACM SIGIR Conference on Research and Development in Information Retrieval},
 series = {SIGIR '08},
 year = {2008},
 isbn = {978-1-60558-164-4},
 location = {Singapore, Singapore},
 pages = {83--90}
}



@inproceedings{KahngLL:2011,
 author = {Kahng, Minsuk and Lee, Sangkeun and Lee, Sang-goo},
 title = {Ranking in Context-aware Recommender Systems},
 booktitle = {Proceedings of the 20th International Conference Companion on World Wide Web},
 series = {WWW '11},
 year = {2011},
 isbn = {978-1-4503-0637-9},
 location = {Hyderabad, India},
 pages = {65--66}
}


@TechReport {ShaniG:MS:115396,
author       = {Guy Shani and Asela Gunawardana},
month        = {November},
number       = {MSR-TR-2009-159},
publisher    = {Microsoft Research},
title        = {Evaluating Recommender Systems},
url          = {http://research.microsoft.com/apps/pubs/default.aspx?id=115396},
year         = {2009},
}


@inproceedings{GeDJ:2010,
 author = {Ge, Mouzhi and Delgado-Battenfeld, Carla and Jannach, Dietmar},
 title = {Beyond Accuracy: Evaluating Recommender Systems by Coverage and Serendipity},
 booktitle = {Proceedings of the Fourth ACM Conference on Recommender Systems},
 series = {RecSys '10},
 year = {2010},
 isbn = {978-1-60558-906-0},
 location = {Barcelona, Spain},
 pages = {257--260}
}




@inproceedings{TutorialHuangGL11,
 author = {Huang, Shan Shan and Green, Todd Jeffrey and Loo, Boon Thau},
 title = {Datalog and Emerging Applications: An Interactive Tutorial},
 booktitle = {Proceedings of the 2011 ACM SIGMOD International Conference on Management of Data},
 series = {SIGMOD '11},
 year = {2011},
 isbn = {978-1-4503-0661-4},
 location = {Athens, Greece},
 pages = {1213--1216}
}









@article{explanation-demo-submitted,
 shorthand={Manuscript-1},
 author = {Lin Li and Laurel Orr and Sudeepa Roy and Dan Suciu},
 title = {Explaining Aggregate Queries with XPLAIN},
year={2014},
 journal = {Manuscript}
}

@article{tods-datalog-manuscript,
shorthand={Manuscript-3},
  author    = {Daniel Deutch and
	            Todd J. Green and
							Gregory Karvournakis and
							Tova Milo and
							Sudeepa Roy and
               Val Tannen},
  title     = {Semirings and Circuits for Datalog Provenance},
  journal = {Manuscript},
  year      = {2014},
}


@article{DBLP:journals/tods/DavidsonKMR14,
  author    = {Susan B. Davidson and
               Sanjeev Khanna and
               Tova Milo and
               Sudeepa Roy},
  title     = {Top-k and Clustering with Noisy Comparisons},
  journal   = {{ACM} Trans. Database Syst.},
  volume    = {39},
  number    = {4},
  pages     = {35:1--35:39},
  year      = {2014},
  note= {\mbox{\url{http://www.cs.duke.edu/~sudeepa/TODS2014-noisy.pdf}}}
}


@article{tods15-probdb,
  author    = {Paul Beame and
               Jerry Li and
               Sudeepa Roy and
               Dan Suciu},
  title     = {Exact Model Counting of Query Expressions: Limitations of Propositional Methods},
	year={2015},
  journal   = {{Invited paper under submission to ACM Transactions on Database Systems (TODS)}},
 note = {\mbox{\url{http://www.cs.duke.edu/~sudeepa/JournalSubmission-modelcounting.pdf}}}
}

@article{VLDB14-tutorial,
  author    = {Alexandra Meliou and
               Sudeepa Roy and
               Dan Suciu},
  title     = {{Causality and Explanations in Databases.}},
  journal   = {{Proc. VLDB Endow. (PVLDB)}},
  year      = {2014},
  volume    = {7},
  number    = {13},
  pages     = {1715--1716},
  note = {\mbox{\url{http://cs.duke.edu/~sudeepa/Tutorial-Causality-Expl-VLDB14.pdf}}}
}

@article{forbes,
 shorthand={C},
 journal = {\emph{http://www.forbes.com/sites/gilpress/2013/12/12/16-1-billion-big-data-market-2014-predictions-from-idc-and-iia/}},
 year={2013}
}


@article{whitepaper,
 author = {A community white paper developed by leading researchers across the United States},
 title = {Challenges and Opportunities with Big Data},
year={2012}
}


@book{PearlBook2000,
 author = {Pearl, Judea},
 title = {Causality: models, reasoning, and inference},
 year = {2000},
 isbn = {0-521-77362-8},
 publisher = {Cambridge University Press}
}





@inproceedings{icdt14-probdb,
  author    = {Paul Beame and
               Jerry Li and
               Sudeepa Roy and
               Dan Suciu},
  title     = {Model Counting of Query Expressions: Limitations of Propositional Methods},
  booktitle = {Proc. 17th International Conference on Database Theory (Invited to ACM TODS as one of the best papers in ICDT'14)},
 series = {ICDT '14},
  pages     = {177--188},
  year      = {2014},
  note = {\mbox{\url{http://www.cs.duke.edu/~sudeepa/icdt2014-modelcounting.pdf}}}
}





@inproceedings{icdt14-datalog,
  author    = {Daniel Deutch and
               Tova Milo and
               Sudeepa Roy and
               Val Tannen},
  title     = {Circuits for Datalog Provenance},
  booktitle = {Proc. 17th International Conference on Database Theory},
 series = {ICDT '14},
  pages     = {201--212},
  year      = {2014},
  note = {\mbox{\url{http://www.cs.duke.edu/~sudeepa/icdt2014-datalog-provenance.pdf}}}
}

@inproceedings{cidr11,
  author = {Susan B. Davidson and
               Sanjeev Khanna and
               Val Tannen and
               Sudeepa Roy and
               Yi Chen and
               Tova Milo and
               Julia Stoyanovich},
  title     = {Enabling Privacy in Provenance-Aware Workflow Systems},
  booktitle = {CIDR},
  year      = {2011},
  pages     = {215-218},
  note = {\mbox{\url{http://www.cs.duke.edu/~sudeepa/cidr11-privacy-wf.pdf}}}
}


@inproceedings{wands10,
shorthand={WANDS10},
  author = {Susan B. Davidson and
               Sanjeev Khanna and
               Sudeepa Roy and
               Sarah Cohen Boulakia},
  title     = {Privacy Issues in Scientific Workflow Provenance},
  booktitle = {International Workshop on Workflow Approaches to New Data-centric Science (in conjunction with SIGMOD/PODS)},
  year      = {2010}
}

@inproceedings{dnis11,
shorthand={DNIS11},
  author    = {Susan B. Davidson and
               Zhuowei Bao and
               Sudeepa Roy},
  title     = {Hiding Data and Structure in Workflow Provenance},
  booktitle = {DNIS},
  year      = {2011},
  pages     = {41-48}
}

@inproceedings{icdt11-keynote,
shorthand={ICDT11-Invited},
  author    = {Susan B. Davidson and
               Sanjeev Khanna and
               Sudeepa Roy and
               Julia Stoyanovich and
               Val Tannen and
               Yi Chen},
  title     = {On Provenance and Privacy},
  booktitle = {ICDT  (Invited keynote talk by Susan Davidson)},
  year      = {2011},
  pages     = {3-10}
}




@inproceedings{uai13,
  author    = {Paul Beame and
               Jerry Li and
               Sudeepa Roy and
               Dan Suciu},
  title     = {Lower Bounds for Exact Model Counting and Applications in Probabilistic
               Databases},
  booktitle = {Proceedings of the Twenty-Ninth Conference on Uncertainty in Artificial
               Intelligence ({UAI})},
  year      = {2013},
  note = {\mbox{\url{http://www.cs.duke.edu/~sudeepa/UAI2013-ModelCounting.pdf}}}
}


@inproceedings{icdt09,
 author = {Biton, Olivier and Davidson, Susan B. and Khanna, Sanjeev and Roy, Sudeepa},
 title = {Optimizing User Views for Workflows},
 booktitle = {Proc. 12th International Conference on Database Theory},
 series = {ICDT '09},
 year = {2009},
 isbn = {978-1-60558-423-2},
 location = {St. Petersburg, Russia},
 pages = {310--323},
  note = {\mbox{\url{http://www.cs.duke.edu/~sudeepa/icdt09-userview.pdf}}}
}




@inproceedings{sigmod10,
 author = {Bao, Zhuowei and Davidson, Susan B. and Khanna, Sanjeev and Roy, Sudeepa},
 title = {An Optimal Labeling Scheme for Workflow Provenance Using Skeleton Labels},
 booktitle = {Proceedings of the 2010 ACM SIGMOD International Conference on Management of Data},
 series = {SIGMOD '10},
 year = {2010},
 isbn = {978-1-4503-0032-2},
 location = {Indianapolis, Indiana, USA},
 pages = {711--722},
  note = {\mbox{\url{http://www.cs.duke.edu/~sudeepa/sigmod10-wf-labeling.pdf}}}
 }





@inproceedings{icdt11,
 author = {Roy, Sudeepa and Perduca, Vittorio and Tannen, Val},
 title = {Faster Query Answering in Probabilistic Databases Using Read-once Functions},
 booktitle = {Proc. 14th International Conference on Database Theory},
 series = {ICDT '11},
 year = {2011},
 isbn = {978-1-4503-0529-7},
 location = {Uppsala, Sweden},
 pages = {232--243},
  note = {\mbox{\url{http://www.cs.duke.edu/~sudeepa/icdt11-read-once.pdf}}}
}



@inproceedings{pods11,
 author = {Davidson, Susan B. and Khanna, Sanjeev and Milo, Tova and Panigrahi, Debmalya and Roy, Sudeepa},
 title = {Provenance Views for Module Privacy},
 booktitle = {Proceedings of the Thirtieth ACM SIGMOD-SIGACT-SIGART Symposium on Principles of Database Systems},
 series = {PODS '11},
 year = {2011},
 isbn = {978-1-4503-0660-7},
 location = {Athens, Greece},
 pages = {175--186},
  note = {\mbox{\url{http://www.cs.duke.edu/~sudeepa/pods2011-module-privacy.pdf}}}
}



@article{vldb11,
  author    = {Sanjeev Khanna and
               Sudeepa Roy and
               Val Tannen},
  title     = {Queries with Difference on Probabilistic Databases},
  journal   = {Proc. VLDB Endow. (PVLDB)},
  volume    = {4},
  number    = {11},
  year      = {2011},
  pages     = {1051-1062},
  note = {\mbox{\url{http://www.cs.duke.edu/~sudeepa/VLDB11-probdb-difference.pdf}}}
}


@inproceedings{sigmod13,
 author = {Roy, Sudeepa and Chiticariu, Laura and Feldman, Vitaly and Reiss, Frederick R. and Zhu, Huaiyu},
 title = {Provenance-based Dictionary Refinement in Information Extraction},
 booktitle = {Proceedings of the 2013 ACM SIGMOD International Conference on Management of Data},
 series = {SIGMOD '13},
 year = {2013},
 isbn = {978-1-4503-2037-5},
 location = {New York, New York, USA},
 pages = {457--468},
 numpages = {12},
  note = {\mbox{\url{http://www.cs.duke.edu/~sudeepa/sigmod2013-dictionary.pdf}}}
}



@inproceedings{icdt13-crowd,
 author = {Davidson, Susan B. and Khanna, Sanjeev and Milo, Tova and Roy, Sudeepa},
 title = {Using the Crowd for Top-k and Group-by Queries},
 booktitle = {Proc. 16th International Conference on Database Theory (Invited to ACM TODS as one of the best papers in ICDT'13)},
 series = {ICDT '13},
 year = {2013},
 isbn = {978-1-4503-1598-2},
 location = {Genoa, Italy},
 pages = {225--236},
  note = {\mbox{\url{http://www.cs.duke.edu/~sudeepa/icdt2013_crowdsourcing.pdf}}}
}





@inproceedings{icdt13-wfprivacy,
 author = {Davidson, Susan B. and Milo, Tova and Roy, Sudeepa},
 title = {A Propagation Model for Provenance Views of Public/Private Workflows},
 booktitle = {Proc. 16th International Conference on Database Theory},
 series = {ICDT '13},
 year = {2013},
 isbn = {978-1-4503-1598-2},
 location = {Genoa, Italy},
 pages = {165--176},
  note = {\mbox{\url{http://www.cs.duke.edu/~sudeepa/icdt2013_module_privacy_propagation.pdf}}}
}


@inproceedings{icdt15,
  author    = {Paraschos Koutris and
               Tova Milo and
               Sudeepa Roy and
               Dan Suciu},
  title     = {Answering Conjunctive Queries with Inequalities},
  booktitle = {Proc. 18th International Conference on Database Theory},
 series = {ICDT '15},
  pages     = {76--93},
  year      = {2015},
  note = {\mbox{\url{http://www.cs.duke.edu/~sudeepa/ICDT2015-inequality.pdf}}}
}


@article{Khoussainova+2012,
 author = {Khoussainova, Nodira and Balazinska, Magdalena and Suciu, Dan},
 title = {PerfXplain: debugging MapReduce job performance},
 journal = {Proc. VLDB Endow. (PVLDB)},
 issue_date = {March 2012},
 volume = {5},
 number = {7},
 month = mar,
 year = {2012},
 issn = {2150-8097},
 pages = {598--609},
 numpages = {12},
 url = {http://dl.acm.org/citation.cfm?id=2180912.2180913},
 acmid = {2180913},
 publisher = {VLDB Endowment}
}


@inproceedings{patent-IBM,
  author    = {Laura Chiticariu and
   Vitaly Feldman and
    Frederick R. Reiss and
     Huaiyu Zhu
     and  Sudeepa Roy},
  title     = {Refining a dictionary for information extraction},
  booktitle = {Assignee: Business Machines Corporation, Patent number: US8775419 B2},
  year      = {Issued on July 8, 2014}
}

@inproceedings{patent-honeywell,
  author    = {Meenakshi Balasubramanian and
   Abhishek Bhatnagar
     and  Sudeepa Roy},
  title     = {Automatic translation of simulink models into the input language of a model checker},
  booktitle = {Assignee: Honeywell International Inc., Patent number: US7698668 B2},
  year      = {Issued on April 13, 2010}
}

@inproceedings{pacer-uai-2013,
 author = {M.~Pacer and T.~Lombrozo and T.~Griffiths and J.~Williams and X.~Chen},
 title = {Evaluating computational models of explanation using human judgments},
 booktitle = {UAI},
 year = {2013}
 }


@article{DBLP:journals/pvldb/0002M13,
author = {Wu, Eugene and Madden, Samuel},
 title = {Scorpion: Explaining Away Outliers in Aggregate Queries},
 journal = {Proc. VLDB Endow. ({PVLDB})},
 issue_date = {June 2013},
 volume = {6},
 number = {8},
 month = jun,
 year = {2013},
 issn = {2150-8097},
 pages = {553--564}
 }


@inproceedings{DBLP:conf/flairs/SalimiB16,
  author    = {Babak Salimi and
               Leopoldo E. Bertossi},
  title     = {Causes for Query Answers from Databases, Datalog Abduction and View-Updates:
               The Presence of Integrity Constraints},
  booktitle = {FLAIRS},
  pages     = {674--679},
  year      = {2016},
  url       = {http://www.aaai.org/ocs/index.php/FLAIRS/FLAIRS16/paper/view/12915},

}

@inproceedings{MeliouGNS2011,
 author = {Meliou, Alexandra and Gatterbauer, Wolfgang and Nath, Suman and Suciu, Dan},
 title = {Tracing Data Errors with View-conditioned Causality},
 booktitle = {Proceedings of the 2011 ACM SIGMOD International Conference on Management of Data},
 series = {SIGMOD '11},
 year = {2011},
 isbn = {978-1-4503-0661-4},
 location = {Athens, Greece},
 pages = {505--516}
}



@article{MeliouGMS2011,
  author    = {Alexandra Meliou and
               Wolfgang Gatterbauer and
               Katherine F. Moore and
               Dan Suciu},
  title     = {The Complexity of Causality and Responsibility for Query
               Answers and non-Answers},
  journal   = {{Proc. VLDB Endow. (PVLDB)}},
  volume    = {4},
  number    = {1},
  year      = {2010},
  pages     = {34-45},
}


@book{PearlBook1998,
 author = {Pearl, Judea},
 title = {Probabilistic reasoning in intelligent systems: networks of plausible inference},
 year = {1988},
 isbn = {0-934613-73-7},
 publisher = {Morgan Kaufmann Publishers Inc.},
 address = {San Francisco, CA, USA},
}


@article{Yuan+2011,
  author    = {Changhe Yuan and
               Heejin Lim and
               Michael L. Littman},
  title     = {Most Relevant Explanation: computational complexity and
               approximation methods},
  journal   = {Ann. Math. Artif. Intell.},
  volume    = {61},
  number    = {3},
  year      = {2011},
  pages     = {159-183},
  ee        = {http://dx.doi.org/10.1007/s10472-011-9260-z},
  bibsource = {DBLP, http://dblp.uni-trier.de}
}


@inproceedings{Sathe+2001,
 author = {Sathe, Gayatri and Sarawagi, Sunita},
 title = {Intelligent Rollups in Multidimensional OLAP Data},
 booktitle = {Proceedings of the 27th International Conference on Very Large Data Bases},
 series = {VLDB '01},
 year = {2001},
 isbn = {1-55860-804-4},
 pages = {531--540},
 }




@article{Kimelfeld+-13,
  author    = {Benny Kimelfeld and
               Jan Vondr{\'{a}}k and
               David P. Woodruff},
  title     = {Multi-Tuple Deletion Propagation: Approximations and Complexity},
  journal   = {{PVLDB}},
  volume    = {6},
  number    = {13},
  pages     = {1558--1569},
  year      = {2013},
  url       = {http://www.vldb.org/pvldb/vol6/p1558-kimelfeld.pdf},
  timestamp = {Mon, 14 Oct 2013 15:18:58 +0200},
  biburl    = {http://dblp.uni-trier.de/rec/bib/journals/pvldb/KimelfeldVW13},
  bibsource = {dblp computer science bibliography, http://dblp.org}
}

@inproceedings{sigmod14-bender,
 author = {Bender, Gabriel and Kot, Lucja and Gehrke, Johannes},
 title = {Explainable Security for Relational Databases},
 booktitle = {Proceedings of the 2014 ACM SIGMOD International Conference on Management of Data},
 series = {SIGMOD '14},
 year = {2014},
 isbn = {978-1-4503-2376-5},
 location = {Snowbird, Utah, USA},
 pages = {1411--1422}
}






@inproceedings{RoyS14,
  author = {Roy, Sudeepa and Suciu, Dan},
 title = {A Formal Approach to Finding Explanations for Database Queries},
 series = {SIGMOD},
 year = {2014}
}


@inproceedings{RoyOS15,
  author    = {Sudeepa Roy and Laurel Orr and
               Dan Suciu},
  title     = {Explaining Query Answers with Explanation-Ready Databases},
  booktitle = {{Under submission}} ,
  year = {2015},
  note={\mbox{\url{http://www.cs.duke.edu/~sudeepa/ExplReady.pdf}}}
}



@book{AbiteboulHVBook,
  author    = {Serge Abiteboul and
               Richard Hull and
               Victor Vianu},
  title     = {Foundations of Databases},
  publisher = {Addison-Wesley},
  year      = {1995},
  isbn      = {0-201-53771-0},
  ee        = {http://www-cse.ucsd.edu/users/vianu/book.html},
  bibsource = {DBLP, http://dblp.uni-trier.de}
}

@book{UllmanBookPDK,
 author = {Ullman, Jeffrey D.},
 title = {Principles of Database and Knowledge-Base Systems: Volume II: The New Technologies},
 year = {1990},
 isbn = {071678162X},
 publisher = {W. H. Freeman \& Co.},
 address = {New York, NY, USA},
}

@article{geo-dblp,
  author    = {Fabian Hadiji and
               Kristian Kersting and
               Christian Bauckhage and
               Babak Ahmadi},
  title     = {GeoDBLP: Geo-Tagging DBLP for Mining the Sociology of Computer
               Science},
  journal   = {CoRR},
  volume    = {abs/1304.7984},
  year      = {2013},
  ee        = {http://arxiv.org/abs/1304.7984},
  bibsource = {DBLP, http://dblp.uni-trier.de}
}


@article{wiki-apgar,
 author={{Wikipedia article on APGAR Score}},
 title = {\mbox{\url{http://en.wikipedia.org/wiki/Apgar_score}}},
 journal={Wikipedia}
}

@article{apgar1952proposal,
  title={A proposal for a new method of evaluation of the newborn},
  author={Apgar, V},
  journal={{Current Researches in Anesthesia and Analgesia}},
  volume={32},
  issue={4},
year={1953},
  pages={260--267},
}



@inproceedings{Pacer+2013,
 author = {Pacer, Michael and ...},
 title = { 		Evaluating Computational Models... UAI2013 --TO FIX THE FORMAT},
}


@article{DBLP:journals/pvldb/0002M13,
  author    = {Eugene Wu and
               Samuel Madden},
  title     = {Scorpion: Explaining Away Outliers in Aggregate Queries},
  journal   = {PVLDB},
  volume    = {6},
  number    = {8},
  year      = {2013},
}


@article{Yuan+2011,
  author    = {Changhe Yuan and
               Heejin Lim and
               Michael L. Littman},
  title     = {Most Relevant Explanation: computational complexity and
               approximation methods},
  journal   = {Ann. Math. Artif. Intell.},
  volume    = {61},
  number    = {3},
  year      = {2011},
  pages     = {159-183},
  ee        = {http://dx.doi.org/10.1007/s10472-011-9260-z},
  bibsource = {DBLP, http://dblp.uni-trier.de}
}

@article{Beeri+83,
 author = {Beeri, Catriel and Fagin, Ronald and Maier, David and Yannakakis, Mihalis},
 title = {On the Desirability of Acyclic Database Schemes},
 journal = {J. ACM},
 issue_date = {July 1983},
 volume = {30},
 number = {3},
 month = jul,
 year = {1983},
 issn = {0004-5411},
 pages = {479--513},
 numpages = {35},
 url = {http://doi.acm.org/10.1145/2402.322389},
 doi = {10.1145/2402.322389},
 acmid = {322389},
 publisher = {ACM},
 address = {New York, NY, USA},
}

@inproceedings{Sathe+2001,
 author = {Sathe, Gayatri and Sarawagi, Sunita},
 title = {Intelligent Rollups in Multidimensional OLAP Data},
booktitle = {VLDB},
year = {2001}
}

@article{Sarawagi+2000,
 author = {Sarawagi, Sunita and Sathe, Gayatri},
 title = {i3: Intelligent, Interactive Investigation of OLAP Data Cubes},
 journal = {SIGMOD Rec.},
 issue_date = {June 2000},
 volume = {29},
 number = {2},
 month = may,
 year = {2000},
 issn = {0163-5808},
 pages = {589--},
}




@INPROCEEDINGS{EiterL02,
    author = {Thomas Eiter and Thomas Lukasiewicz},
    title = {Causes and Explanations in the Structural-Model Approach: Tractable Cases},
    booktitle = {UAI},
    year = {2002},
    pages = {146--153},
    publisher = {Morgan Kaufmann}
    }


@article{Thirumuruganathan+2012,
 author = {Thirumuruganathan, Saravanan and Das, Mahashweta and Desai, Shrikant and Amer-Yahia, Sihem and Das, Gautam and Yu, Cong},
 title = {MapRat: meaningful explanation, interactive exploration and geo-visualization of collaborative ratings},
 journal = {Proc. VLDB Endow. (PVLDB)},
 issue_date = {August 2012},
 volume = {5},
 number = {12},
 month = aug,
 year = {2012},
 issn = {2150-8097},
 pages = {1986--1989},
 numpages = {4},
 url = {http://dl.acm.org/citation.cfm?id=2367502.2367554},
 acmid = {2367554},
 publisher = {VLDB Endowment}
}

@article{Das+2012,
  author    = {Mahashweta Das and
               Saravanan Thirumuruganathan and
               Sihem Amer-Yahia and
               Gautam Das and
               Cong Yu},
  title     = {Who Tags What? An Analysis Framework},
  journal   = {Proc. VLDB Endow. (PVLDB)},
  volume    = {5},
  number    = {11},
  year      = {2012},
  pages     = {1567-1578},
  ee        = {http://vldb.org/pvldb/vol5/p1567_mahashwetadas_vldb2012.pdf},
  bibsource = {DBLP, http://dblp.uni-trier.de}
}

@article{Das+2011,
  author    = {Mahashweta Das and
               Sihem Amer-Yahia and
               Gautam Das and
               Cong Yu},
  title     = {MRI: Meaningful Interpretations of Collaborative Ratings},
  journal   = {Proc. VLDB Endow. (PVLDB)},
  volume    = {4},
  number    = {11},
  year      = {2011},
  pages     = {1063-1074},
  ee        = {http://www.vldb.org/pvldb/vol4/p1063-das.pdf},
  bibsource = {DBLP, http://dblp.uni-trier.de}
}


@article{Re+2008,
 author = {R{\'e}, Christopher and Suciu, Dan},
 title = {Approximate lineage for probabilistic databases},
 journal = {Proc. VLDB Endow. (PVLDB)},
 issue_date = {August 2008},
 volume = {1},
 number = {1},
 month = aug,
 year = {2008},
 issn = {2150-8097},
 pages = {797--808},
 numpages = {12},
 url = {http://dl.acm.org/citation.cfm?id=1453856.1453943},
 acmid = {1453943},
 publisher = {VLDB Endowment}
}

@inproceedings{Barman+2007,
  author    = {Dhiman Barman and
               Flip Korn and
               Divesh Srivastava and
               Dimitrios Gunopulos and
               Neal E. Young and
               Deepak Agarwal},
  title     = {Parsimonious Explanations of Change in Hierarchical Data},
  booktitle = {Proceedings of the 23rd International Conference on Data Engineering,
               ({ICDE})},
  pages     = {1273--1275},
  year      = {2007}
}

@inproceedings{Agarwal+2007,
 author = {Agarwal, Deepak and Barman, Dhiman and Gunopulos, Dimitrios and Young, Neal E. and Korn, Flip and Srivastava, Divesh},
 title = {Efficient and effective explanation of change in hierarchical summaries},
 booktitle = {Proceedings of the 13th ACM SIGKDD international conference on Knowledge discovery and data mining},
 series = {KDD '07},
 year = {2007},
 isbn = {978-1-59593-609-7},
 location = {San Jose, California, USA},
 pages = {6--15}
}



@article{Fabbri+2011,
 author = {Fabbri, Daniel and LeFevre, Kristen},
 title = {Explanation-based auditing},
 journal = {Proc. VLDB Endow. (PVLDB)},
 issue_date = {September 2011},
 volume = {5},
 number = {1},
 month = sep,
 year = {2011},
 issn = {2150-8097},
 pages = {1--12},
 numpages = {12},
 url = {http://dl.acm.org/citation.cfm?id=2047485.2047486},
 acmid = {2047486},
 publisher = {VLDB Endowment},
}



@article{Pearl2010,
 author = {Pearl, Judea},
 title = {An Introduction to Causal Inference},
 journal = {The International Journal of Biostatistics},
 volume = {6},
 issue = {2},
 article = {7},
 year = {2010},
 url = {http://www.bepress.com/ijb/vol6/iss2/7},
 }

@article{Tian+2000,
 author = {Tian, Jin and Pearl, Judea},
 title = {Probabilities of causation: Bounds and identification},
 journal = {Annals of Mathematics and Artificial Intelligence},
 issue_date = {2000},
 volume = {28},
 number = {1-4},
 month = jan,
 year = {2000},
 issn = {1012-2443},
 pages = {287--313},
 numpages = {27},
 url = {http://dx.doi.org/10.1023/A:1018912507879},
 doi = {10.1023/A:1018912507879},
 acmid = {590374},
 publisher = {Kluwer Academic Publishers},
 address = {Hingham, MA, USA}
}

@article{Silverstein+2000,
 author = {Silverstein, Craig and Brin, Sergey and Motwani, Rajeev and Ullman, Jeff},
 title = {Scalable Techniques for Mining Causal Structures},
 journal = {Data Min. Knowl. Discov.},
 issue_date = {July 2000},
 volume = {4},
 number = {2-3},
 month = jul,
 year = {2000},
 issn = {1384-5810},
 pages = {163--192},
 numpages = {30},
 url = {http://dx.doi.org/10.1023/A:1009891813863},
 doi = {10.1023/A:1009891813863},
 acmid = {593499},
 publisher = {Kluwer Academic Publishers},
 address = {Hingham, MA, USA},
 keywords = {association rules, causality, data mining, market basket, text mining}
}



@inproceedings{Buneman+2002,
 author = {Buneman, Peter and Khanna, Sanjeev and Tan, Wang-Chiew},
 title = {On propagation of deletions and annotations through views},
 booktitle = {PODS},
 year = {2002},
 pages = {150--158}
}


@inproceedings{HalpernP01,
  author    = {Joseph Y. Halpern and
               Judea Pearl},
  title     = {Causes and Explanations: {A} Structural-Model Approach: Part 1: Causes},
  booktitle = {Proceedings of the 17th Conference in Uncertainty in Artificial
               Intelligence ({UAI})},
  pages     = {194--202},
  year      = {2001}
}

@article{ChocklerH04,
  author    = {Hana Chockler and
               Joseph Y. Halpern},
  title     = {Responsibility and Blame: A Structural-Model Approach},
  journal   = {J. Artif. Intell. Res. (JAIR)},
  volume    = {22},
  year      = {2004},
  pages     = {93-115},
  ee        = {http://dx.doi.org/10.1613/jair.1391},
  bibsource = {DBLP, http://dblp.uni-trier.de}
}



@inproceedings{AmsterdamerDT11,
 author = {Amsterdamer, Yael and Deutch, Daniel and Tannen, Val},
 title = {Provenance for Aggregate Queries},
 booktitle = {Proceedings of the Thirtieth ACM SIGMOD-SIGACT-SIGART Symposium on Principles of Database Systems},
 series = {PODS '11},
 year = {2011},
 isbn = {978-1-4503-0660-7},
 location = {Athens, Greece},
 pages = {153--164},
 numpages = {12},
}




 @inproceedings{GKT07-semirings,
 author = {Green, Todd J. and Karvounarakis, Grigoris and Tannen, Val},
 title = {Provenance Semirings},
 booktitle = {Proceedings of the Twenty-sixth ACM SIGMOD-SIGACT-SIGART Symposium on Principles of Database Systems},
 series = {PODS '07},
 year = {2007},
 isbn = {978-1-59593-685-1},
 location = {Beijing, China},
 pages = {31--40}
}




 @inproceedings{pacer-uai-2013,
  author    = {Michael Pacer and
               Joseph Jay Williams and
               Xi Chen and
               Tania Lombrozo and
               Thomas L. Griffiths},
  title     = {Evaluating computational models of explanation using human judgments},
  booktitle = {Proceedings of the Twenty-Ninth Conference on Uncertainty in Artificial
               Intelligence ({UAI})},
  year      = {2013}
}

@article{chirkova2011materialized,
  author    = {Rada Chirkova and
               Jun Yang},
  title     = {Materialized Views},
  journal   = {Foundations and Trends in Databases},
  volume    = {4},
  number    = {4},
  pages     = {295--405},
  year      = {2012}
}




@article{ahmad2012dbtoaster,
 author = {Ahmad, Yanif and Kennedy, Oliver and Koch, Christoph and Nikolic, Milos},
 title = {DBToaster: Higher-order Delta Processing for Dynamic, Frequently Fresh Views},
 journal = {Proc. VLDB Endow. (PVLDB)},
 issue_date = {June 2012},
 volume = {5},
 number = {10},
 month = jun,
 year = {2012},
 issn = {2150-8097},
 pages = {968--979}
}


@inproceedings{griffin1995incremental,
  author    = {Timothy Griffin and
               Leonid Libkin},
  title     = {Incremental Maintenance of Views with Duplicates},
  booktitle = {{ACM} {SIGMOD} International Conference on
               Management of Data, SIGMOD'95},
  pages     = {328--339},
  year      = {1995}
}

@inproceedings{gupta1993maintaining,
  title={Maintaining views incrementally},
  author={Gupta, Ashish and Mumick, Inderpal Singh and Subrahmanian, Venkatramanan Siva},
  booktitle={ACM SIGMOD Record},
  volume={22},
  number={2},
  pages={157--166},
  year={1993}
}


@inproceedings{blakeley1986efficiently,
 author = {Blakeley, Jose A. and Larson, Per-Ake and Tompa, Frank Wm},
 title = {Efficiently Updating Materialized Views},
 journal = {SIGMOD Rec.},
 issue_date = {June 1986},
 volume = {15},
 number = {2},
 month = jun,
 year = {1986},
 issn = {0163-5808},
 pages = {61--71}
}

@article{Roussopoulos91,
 author = {Roussopoulos, Nicholas},
 title = {An Incremental Access Method for ViewCache: Concept, Algorithms, and Cost Analysis},
 journal = {ACM Trans. Database Syst.},
 issue_date = {Sept. 1991},
 volume = {16},
 number = {3},
 month = sep,
 year = {1991},
 issn = {0362-5915},
 pages = {535--563}
}


@inproceedings{Colby+96,
 author = {Colby, Latha S. and Griffin, Timothy and Libkin, Leonid and Mumick, Inderpal Singh and Trickey, Howard},
 title = {Algorithms for Deferred View Maintenance},
 booktitle = {Proceedings of the 1996 ACM SIGMOD International Conference on Management of Data},
 series = {SIGMOD '96},
 year = {1996},
 isbn = {0-89791-794-4},
 location = {Montreal, Quebec, Canada},
 pages = {469--480}
}


@inproceedings{Katsis+15,
 author = {Katsis, Yannis and Ong, Kian Win and Papakonstantinou, Yannis and Zhao, Kevin Keliang},
 title = {Utilizing IDs to Accelerate Incremental View Maintenance},
 booktitle = {Proceedings of the 2015 ACM SIGMOD International Conference on Management of Data},
 series = {SIGMOD '15},
 year = {2015},
 isbn = {978-1-4503-2758-9},
 location = {Melbourne, Victoria, Australia},
 pages = {1985--2000}
}



@inproceedings{Nigam+11,
 author = {Nigam, Vivek and Jia, Limin and Thau Loo, Boon and Scedrov, Andre},
 title = {Maintaining Distributed Logic Programs Incrementally},
 booktitle = {Proceedings of the 13th International ACM SIGPLAN Symposium on Principles and Practices of Declarative Programming},
 series = {PPDP '11},
 year = {2011},
 isbn = {978-1-4503-0776-5},
 location = {Odense, Denmark},
 pages = {125--136}
}



@inproceedings{AbiteboulDV14,
  author    = {Serge Abiteboul and
               Daniel Deutch and
               Victor Vianu},
  title     = {Deduction with Contradictions in Datalog},
  booktitle = {Proc. 17th International Conference on Database Theory},
 series = {ICDT '14},
  pages     = {143--154},
  year      = {2014}
}



@book{hume1748,
  address = {Indianapolis, IN},
  author = {Hume, David},
  publisher = {Hackett},
  title = {An enquiry concerning human understanding},
  year = {1748},
}

@article{hitchcock2001,
  title = {The intransitivity of causation revealed in equations and
  graphs},
  author = {Hitchcock, Christopher},
  journal = {Journal of Philosophy},
  volume = {XCVIII},
  number = {6},
  pages = {273--299},
}

@article{hitchcock2007,
  title = {Prevention, preemption, and the principle of sufficient reason},
  author = {Hitchcock, Christopher},
  journal = {Philosophical Review},
  volume = {116},
  pages = {495--532},
}

@book{woodward2003,
  title={Making Things Happen: A Theory of Causal Explanation},
  author={Woodward, James},
  series={Oxford scholarship online},
  year={2003},
  publisher={Oxford University Press},
}


@article{Lamport78,
 author = {Lamport, Leslie},
 title = {Time, Clocks, and the Ordering of Events in a Distributed System},
 journal = {Commun. ACM},
 issue_date = {July 1978},
 volume = {21},
 number = {7},
 month = jul,
 year = {1978},
 issn = {0001-0782},
 pages = {558--565},
 numpages = {8},
 url = {http://doi.acm.org/10.1145/359545.359563},
 doi = {10.1145/359545.359563},
 acmid = {359563},
 publisher = {ACM},
 address = {New York, NY, USA},
 keywords = {clock synchronization, computer networks, distributed systems, multiprocess systems}
}




@inproceedings{MaierTOJ10,
  author    = {Marc E. Maier and
               Brian J. Taylor and
               Huseyin Oktay and
               David Jensen},
  title     = {Learning Causal Models of Relational Domains},
  booktitle = {Proceedings of the Twenty-Fourth {AAAI} Conference on Artificial Intelligence,
               (AAAI)},
  year      = {2010}
}


@book{hume1896treatise,
  title={A Treatise of Human Nature},
  author={Hume, Ddavid and Selby-Bigge, Lewis Amherst},
  series={A Treatise of Human Nature},
  year={1896},
  publisher={Clarendon Press},
}


    @inproceedings{DBLP:journals/corr/abs-1006-1429,
  author    = {James Cheney},
  title     = {Causality and the Semantics of Provenance},
  booktitle = {Proceedings Sixth Workshop on Developments in Computational Models:
               Causality, Computation, and Physics, (DCM)},
  pages     = {63--74},
  year      = {2010}
}



    @article{DBLP:journals/ftdb/CheneyCT09,
author = {Cheney, James and Chiticariu, Laura and Tan, Wang-Chiew},
 title = {Provenance in Databases: Why, How, and Where},
 journal = {Foundations and Trends in Databases},
 volume = {1},
 number = {4},
 year = {2009},
 issn = {1931-7883},
 pages = {379--474},
 numpages = {96}
}




    @article{DBLP:journals/tods/CuiWW00,
  author    = {Yingwei Cui and
               Jennifer Widom and
               Janet L. Wiener},
  title     = {Tracing the lineage of view data in a warehousing environment},
  journal   = {{ACM} Trans. Database Syst.},
  volume    = {25},
  number    = {2},
  pages     = {179--227},
  year      = {2000}
}



    @article{DBLP:journals/pvldb/HuangCDN08,
  author    = {Jiansheng Huang and
               Ting Chen and
               AnHai Doan and
               Jeffrey F. Naughton},
  title     = {On the provenance of non-answers to queries over extracted data},
  journal   = {{Proc. VLDB Endow. (PVLDB)}},
  volume    = {1},
  number    = {1},
  pages     = {736--747},
  year      = {2008}
}



    @article{DBLP:journals/pvldb/HerschelHT09,
  author    = {Melanie Herschel and
               Mauricio A. Hern{\'{a}}ndez and
               Wang Chiew Tan},
  title     = {Artemis: {A} System for Analyzing Missing Answers},
  journal   = {{Proc. VLDB Endow. (PVLDB)}},
  volume    = {2},
  number    = {2},
  pages     = {1550--1553},
  year      = {2009}
}


@article{DBLP:journals/pvldb/HerschelH10,
    Author = {Melanie Herschel and Mauricio A. Hern{\'a}ndez},
    Bibsource = {DBLP, http://dblp.uni-trier.de},
    Ee = {http://www.comp.nus.edu.sg/$\sim$vldb2010/proceedings/files/papers/R16.pdf},
    Journal = {Proc. VLDB Endow. (PVLDB)},
    Number = {1},
    Pages = {185-196},
    Title = {Explaining Missing Answers to {SPJUA} Queries},
    Volume = {3},
    Year = {2010}}




@inproceedings{DBLP:conf/sigmod/ChapmanJ09,
 author = {Chapman, Adriane and Jagadish, H. V.},
 title = {Why Not?},
 booktitle = {Proceedings of the 2009 ACM SIGMOD International Conference on Management of Data},
 series = {SIGMOD '09},
 year = {2009},
 isbn = {978-1-60558-551-2},
 location = {Providence, Rhode Island, USA},
 pages = {523--534}
}



@inproceedings{DBLP:conf/sigmod/TranC10,
 author = {Tran, Quoc Trung and Chan, Chee-Yong},
 title = {How to ConQueR Why-not Questions},
 booktitle = {Proceedings of the 2010 ACM SIGMOD International Conference on Management of Data},
 series = {SIGMOD '10},
 year = {2010},
 isbn = {978-1-4503-0032-2},
 location = {Indianapolis, Indiana, USA},
 pages = {15--26}
}


@inproceedings{DBLP:conf/pods/BunemanKT02,
 author = {Buneman, Peter and Khanna, Sanjeev and Tan, Wang-Chiew},
 title = {On Propagation of Deletions and Annotations Through Views},
 booktitle = {Proceedings of the Twenty-first ACM SIGMOD-SIGACT-SIGART Symposium on Principles of Database Systems},
 series = {PODS '02},
 year = {2002},
 isbn = {1-58113-507-6},
 location = {Madison, Wisconsin},
 pages = {150--158}
}

		@article{cong2010,
 author = {Cong, Gao and Fan, Wenfei and Geerts, Floris and Li, Jianzhong and Luo, Jizhou},
 title = {On the Complexity of View Update Analysis and Its Application to Annotation Propagation},
 journal = {IEEE Trans. on Knowl. and Data Eng.},
 issue_date = {March 2012},
 volume = {24},
 number = {3},
 month = mar,
 year = {2012},
 issn = {1041-4347},
 pages = {506--519}
}



@misc{Menzies:Causation2008,
    Author = {Peter Menzies},
    Date-Added = {2009-11-28 17:00:56 -0800},
    Date-Modified = {2009-11-28 17:01:53 -0800},
    Howpublished = {Stanford Encylopedia of Philosophy},
    Title = {Counterfactual Theories of Causation},
    Year = {2008}}


@article{Lewis1973,
    Author = {Lewis, David},
    Journal = {The Journal of Philosophy},
    Keywords = {causality, metaphysics, philosophy},
    Number = {17},
    Pages = {556--567},
    Title = {Causation},
    Url = {http://dx.doi.org/10.2307/2025310},
    Volume = {70},
    Year = {1973},
    Bdsk-Url-1 = {http://dx.doi.org/10.2307/2025310}}


@article{HalpernPearl:Cause2005,
    Author = {Joseph Y. Halpern and Judea Pearl},
    Date-Added = {2009-11-26 23:02:27 -0800},
    Date-Modified = {2010-06-28 14:20:55 -0700},
    Journal = {Brit.\ J.\ Phil.\ Sci.},
    Note = {(Conference version in \emph{{UAI}} 2001)},
    Pages = {843-887},
    Title = {Causes and Explanations: A structural-model Approach. {P}art {I}: Causes},
    Volume = {56},
    Year = {2005}}

@article{DEBulletin2010,
    Author = {Alexandra Meliou and Wolfgang Gatterbauer and Joseph Halpern and Christoph Koch and Katherine F. Moore and Dan Suciu},
    Journal = {IEEE Data Engineering Bulletin},
    Month = {Sept.},
    Title = {Causality in Databases},
    Year = {2010}}

@inproceedings{MUD2010,
  author    = {Alexandra Meliou and
               Wolfgang Gatterbauer and
               Katherine F. Moore and
               Dan Suciu},
  title     = {{WHY} SO? or {WHY} NO? Functional Causality for Explaining Query Answers},
  booktitle = {Proceedings of the Fourth International {VLDB} workshop on Management
               of Uncertain Data {(MUD} 2010) in conjunction with {VLDB} 2010},
  pages     = {3--17},
  year      = {2010}
}


@misc{CausalityWorkshop:2009,
    Date-Added = {2009-11-28 11:02:07 -0800},
    Date-Modified = {2010-06-28 14:20:00 -0700},
    Howpublished = {IRIT, Toulouse},
    Key = {zzz},
    Month = {June},
    Note = {(\url{www.irit.fr/MICRAC/colloque/articles/extended_abstract_Micrac.pdf})},
    Title = {International Multidisciplinary Workshop on Causality},
    Year = {2009}}

@article{DBLP:journals/ai/EiterL02,
    Author = {Thomas Eiter and Thomas Lukasiewicz},
    Bibsource = {DBLP, http://dblp.uni-trier.de},
    Date-Added = {2009-11-28 22:39:35 -0800},
    Date-Modified = {2010-06-28 14:20:43 -0700},
    Journal = {Artif. Intell.},
    Note = {(Conference version in \emph{IJCAI}, 2002)},
    Number = {1},
    Pages = {53-89},
    Title = {Complexity results for structure-based causality},
    Volume = {142},
    Year = {2002},
    Bdsk-Url-1 = {http://dx.doi.org/10.1016/S0004-3702(02)00271-0}}

    @inproceedings{RattiganMJ11,
  author    = {Matthew J. Rattigan and
               Marc E. Maier and
               David Jensen},
  title     = {Relational Blocking for Causal Discovery},
  booktitle = {Proceedings of the Twenty-Fifth {AAAI} Conference on Artificial Intelligence,
               ({AAAI})},
  year      = {2011}
}




@inproceedings{Buneman07,
 author = {Buneman, Peter and Tan, Wang-Chiew},
 title = {Provenance in Databases},
 booktitle = {SIGMOD},
 year = {2007},
 isbn = {978-1-59593-686-8},
 location = {Beijing, China},
 pages = {1171--1173},
 numpages = {3},
 url = {http://doi.acm.org.offcampus.lib.washington.edu/10.1145/1247480.1247646},
 doi = {10.1145/1247480.1247646},
 acmid = {1247646},
 publisher = {ACM},
 address = {New York, NY, USA},
 keywords = {data provenance, lineage}
}


@inproceedings{KimelfeldVW11,
 author = {Kimelfeld, Benny and Vondr\'{a}k, Jan and Williams, Ryan},
 title = {Maximizing Conjunctive Views in Deletion Propagation},
 booktitle = {Proceedings of the Thirtieth ACM SIGMOD-SIGACT-SIGART Symposium on Principles of Database Systems},
 series = {PODS '11},
 year = {2011},
 isbn = {978-1-4503-0660-7},
 location = {Athens, Greece},
 pages = {187--198}
}


@inproceedings{DBLP:conf/icdt/BunemanKT01,
 author = {Buneman, Peter and Khanna, Sanjeev and Tan, Wang Chiew},
 title = {Why and Where: A Characterization of Data Provenance},
 booktitle = {Proc. 8th International Conference on Database Theory},
 series = {ICDT '01},
 year = {2001},
 isbn = {3-540-41456-8},
 pages = {316--330}
}


@article{clauset-2015,
    Author = {Aaron Clauset and Samuel Arbesman and  Daniel Larremore},
    Journal = {Science Advances},
    Pages = {1-6},
    Title = {Systematic inequality and hierarchy in faculty hiring networks},
    Number = {1},
    Volume = {1},
    Year = {2015}}


@book{Spirtes:book01,
  title={Causation, Prediction and Search},
  author={Peter Spirtes, Clark Glymour and Richard Scheines},
  year={2001},
  publisher={MIT Press}
}


@phdthesis{neyman1923,
title   = {{On the Application of Probability Theory to Agricul-
tural Experiments. Essay on Principles. Section 9}},
author  = {Jerzy Neyman},
school  = {Roczniki Nauk Rolniczych Tom X [in Polish]},
year    = {1923},
note    = {translated in Statistical Science, 5, page 465-480}
}



@article{HalpernPearl:Cause2005,
	Author = {Joseph Y. Halpern and Judea Pearl},
	Date-Added = {2009-11-26 23:02:27 -0800},
	Date-Modified = {2010-06-28 14:20:55 -0700},
	Journal = {Brit.\ J.\ Phil.\ Sci.},
	Note = {(Conference version in \emph{UAI}, 2001)},
	Pages = {843-887},
	Title = {Causes and Explanations: A structural-model Approach. {P}art {I}: Causes},
	Volume = {56},
	Year = {2005}}



@article{DBLP:journals/jair/ChocklerH04,
	Author = {Hana Chockler and Joseph Y. Halpern},
	Bibsource = {DBLP, http://dblp.uni-trier.de},
	Date-Added = {2009-11-28 10:53:36 -0800},
	Date-Modified = {2009-11-28 10:53:36 -0800},
	Journal = {J. Artif. Intell. Res. (JAIR)},
	Pages = {93-115},
	Title = {Responsibility and Blame: A Structural-Model Approach},
	Volume = {22},
	Year = {2004},
	Bdsk-Url-1 = {http://www.cs.washington.edu/research/jair/abstracts/chockler04a.html}}

@article{Eiter:2006p86,
	Annote = {Tractable cases:
	- causal trees with bounded arity (defined as fan-in)
	- decomposable graphs but only given the decomposition, which is not computable in ptime. So in general not a tractable case just given the CN as input
	- layered causal graphs (need to look into this one)},
	Author = {Thomas Eiter and Thomas Lukasiewicz},
	Date-Added = {2009-12-16 01:07:27 -0800},
	Date-Modified = {2010-01-13 10:43:32 -0800},
	Journal = {Artif. Intell.},
	Keywords = {causality},
	Local-Url = {file://localhost/Users/ameli/Documents/Papers/E/2006-Eiter-Causes%20and%20explanations%20in%20the-1.pdf},
	Number = {6-7},
	Pages = {542--580},
	Pmid = {17302199193764821899related:i_tm6X7CHfAJ},
	Rating = {0},
	Read = {Yes},
	Title = {Causes and explanations in the structural-model approach: Tractable cases},
	Uri = {papers://31D9813B-B1E4-48D9-AEF3-96C3BF76606F/Paper/p86},
	Url = {http://www.google.com/search?client=safari&rls=en-us&q=Causes+and+explanations+in+the+structural-model+approach:+Tractable+cases&ie=UTF-8&oe=UTF-8},
	Volume = {170},
	Year = {2006},
	Bdsk-Url-1 = {http://www.google.com/search?client=safari&rls=en-us&q=Causes+and+explanations+in+the+structural-model+approach:+Tractable+cases&ie=UTF-8&oe=UTF-8}}


@book{lise:ben:book:2007,
  title={Introduction to Statistical Relational Learning},
  author={Lise Getoor and Ben Taskar},
  year={2007},
  publisher={MIT Press}
}

@article{DBLP:journals/cacm/Russell15,
  author    = {Stuart J. Russell},
  title     = {Unifying logic and probability},
  journal   = {Commun. {ACM}},
  volume    = {58},
  number    = {7},
  pages     = {88--97},
  year      = {2015},
  url       = {http://doi.acm.org/10.1145/2699411},
  doi       = {10.1145/2699411},
  timestamp = {Sun, 26 Jul 2015 17:09:40 +0200},
  biburl    = {http://dblp.uni-trier.de/rec/bib/journals/cacm/Russell15},
  bibsource = {dblp computer science bibliography, http://dblp.org}
}


@inproceedings{BroeckSuciu:UAI2014tutorial,
	Author = {Guy Van den Broeck and Dan Suciu},
	Booktitle = {UAI tutorials},
	Date-Added = {2014-07-20 05:18:22 +0000},
	Date-Modified = {2014-07-20 05:18:53 +0000},
	Note = {(to appear).},
	Title = {Lifted Probabilistic Inference in Relational Models},
	Year = {2014}}



@article{DBLP:journals/debu/GribkoffSB14,
  author    = {Eric Gribkoff and
               Dan Suciu and
               Guy Van den Broeck},
  title     = {Lifted Probabilistic Inference: {A} Guide for the Database Researcher},
  journal   = {{IEEE} Data Eng. Bull.},
  volume    = {37},
  number    = {3},
  pages     = {6--17},
  year      = {2014},
  url       = {http://sites.computer.org/debull/A14sept/p6.pdf},
  timestamp = {Wed, 15 Oct 2014 20:48:39 +0200},
  biburl    = {http://dblp.uni-trier.de/rec/bib/journals/debu/GribkoffSB14},
  bibsource = {dblp computer science bibliography, http://dblp.org}
}

@book{DBLP:books/mk/BunemanSA99,
  author    = {Serge Abiteboul and
               Peter Buneman and
               Dan Suciu},
  title     = {Data on the Web: From Relations to Semistructured Data and {XML}},
  publisher = {Morgan Kaufmann},
  year      = {1999},
  isbn      = {1-55860-622-X},
  timestamp = {Thu, 03 Jan 2002 11:51:30 +0100},
  biburl    = {http://dblp.uni-trier.de/rec/bib/books/mk/BunemanSA99},
  bibsource = {dblp computer science bibliography, http://dblp.org}
}


@inproceedings{DBLP:conf/pods/BeameKS14,
  author    = {Paul Beame and
               Paraschos Koutris and
               Dan Suciu},
  title     = {Skew in parallel query processing},
  booktitle = {Proceedings of the 33rd {ACM} {SIGMOD-SIGACT-SIGART} Symposium on
               Principles of Database Systems, PODS'14, Snowbird, UT, USA, June 22-27,
               2014},
  pages     = {212--223},
  year      = {2014},
  url       = {http://doi.acm.org/10.1145/2594538.2594558},
  doi       = {10.1145/2594538.2594558},
  timestamp = {Sun, 22 Jun 2014 11:31:00 +0200},
  biburl    = {http://dblp.uni-trier.de/rec/bib/conf/pods/BeameKS14},
  bibsource = {dblp computer science bibliography, http://dblp.org}
}

@article{DBLP:journals/jcss/MiklauS07,
  author    = {Gerome Miklau and
               Dan Suciu},
  title     = {A formal analysis of information disclosure in data exchange},
  journal   = {J. Comput. Syst. Sci.},
  volume    = {73},
  number    = {3},
  pages     = {507--534},
  year      = {2007},
  url       = {http://dx.doi.org/10.1016/j.jcss.2006.10.004},
  doi       = {10.1016/j.jcss.2006.10.004},
  timestamp = {Tue, 17 Apr 2007 09:46:42 +0200},
  biburl    = {http://dblp.uni-trier.de/rec/bib/journals/jcss/MiklauS07},
  bibsource = {dblp computer science bibliography, http://dblp.org}
}

@misc{wikipedia:rubin:causality,
    key = {ZZZZ},
    Title = {Rubin causal model},
    note   = {\url{https://en.wikipedia.org/wiki/Rubin_causal_model}}}


@inproceedings{DBLP:conf/aaai/PearlV87,
  author    = {Judea Pearl and
               Thomas Verma},
  title     = {The Logic of Representing Dependencies by Directed Graphs},
  booktitle = {Proceedings of the 6th National Conference on Artificial Intelligence.
               Seattle, WA, July 1987.},
  pages     = {374--379},
  year      = {1987},
  url       = {http://www.aaai.org/Library/AAAI/1987/aaai87-067.php},
  timestamp = {Wed, 12 Dec 2012 15:08:20 +0100},
  biburl    = {http://dblp.uni-trier.de/rec/bib/conf/aaai/PearlV87},
  bibsource = {dblp computer science bibliography, http://dblp.org}
}

@article{DBLP:journals/ipl/GyssensNG14,
  author    = {Marc Gyssens and
               Mathias Niepert and
               Dirk Van Gucht},
  title     = {On the completeness of the semigraphoid axioms for deriving arbitrary
               from saturated conditional independence statements},
  journal   = {Inf. Process. Lett.},
  volume    = {114},
  number    = {11},
  pages     = {628--633},
  year      = {2014},
  url       = {http://dx.doi.org/10.1016/j.ipl.2014.05.010},
  doi       = {10.1016/j.ipl.2014.05.010},
  timestamp = {Mon, 21 Jul 2014 12:51:33 +0200},
  biburl    = {http://dblp.uni-trier.de/rec/bib/journals/ipl/GyssensNG14},
  bibsource = {dblp computer science bibliography, http://dblp.org}
}

@book{studeny:2003,
  title={Probabilistic COnditional Independence Structures},
  author={Milan Studen\'y},
  year={2003},
  publisher={Springer}
}

@book{DBLP:books/cu/ArenasBLM2014,
  author    = {Marcelo Arenas and
               Pablo Barcel{\'{o}} and
               Leonid Libkin and
               Filip Murlak},
  title     = {Foundations of Data Exchange},
  publisher = {Cambridge University Press},
  year      = {2014},
  url       = {http://www.cambridge.org/9781107016163},
  isbn      = {9781107016163},
  timestamp = {Fri, 21 Mar 2014 12:07:30 +0100},
  biburl    = {http://dblp.uni-trier.de/rec/bib/books/cu/ArenasBLM2014},
  bibsource = {dblp computer science bibliography, http://dblp.org}
}


@inproceedings{DBLP:conf/sigmod/Fagin79,
  author    = {Ronald Fagin},
  title     = {Normal Forms and Relational Database Operators},
  booktitle = {{ACM} {SIGMOD} International Conference on
               Management of Data, SIGMOD'79},
  pages     = {153--160},
  year      = {1979},
  url       = {http://doi.acm.org/10.1145/582095.582120},
  doi       = {10.1145/582095.582120},
  timestamp = {Fri, 14 Sep 2012 11:55:43 +0200},
  biburl    = {http://dblp.uni-trier.de/rec/bib/conf/sigmod/Fagin79},
  bibsource = {dblp computer science bibliography, http://dblp.org}
}


@inproceedings{DBLP:conf/icdt/DarwenDF12,
  author    = {Hugh Darwen and
               C. J. Date and
               Ronald Fagin},
  title     = {A normal form for preventing redundant tuples in relational databases},
  booktitle = {15th International Conference on Database Theory, {ICDT} '12, Berlin,
               Germany, March 26-29, 2012},
  pages     = {114--126},
  year      = {2012},
  url       = {http://doi.acm.org/10.1145/2274576.2274589},
  doi       = {10.1145/2274576.2274589},
  timestamp = {Fri, 15 Jun 2012 15:21:42 +0200},
  biburl    = {http://dblp.uni-trier.de/rec/bib/conf/icdt/DarwenDF12},
  bibsource = {dblp computer science bibliography, http://dblp.org}
}


@article{DBLP:journals/isci/Malvestuto92,
  author    = {Francesco M. Malvestuto},
  title     = {A unique formal system for binary decompositions of database relations,
               probability distributions, and graphs},
  journal   = {Inf. Sci.},
  volume    = {59},
  number    = {1-2},
  pages     = {21--52},
  year      = {1992},
  url       = {http://dx.doi.org/10.1016/0020-0255(92)90042-7},
  doi       = {10.1016/0020-0255(92)90042-7},
  timestamp = {Thu, 27 May 2004 13:45:54 +0200},
  biburl    = {http://dblp.uni-trier.de/rec/bib/journals/isci/Malvestuto92},
  bibsource = {dblp computer science bibliography, http://dblp.org}
}

@article{DBLP:journals/amai/GeigerP90,
  author    = {Dan Geiger and
               Judea Pearl},
  title     = {Logical and algorithmic properties of independence and their application
               to Bayesian networks},
  journal   = {Ann. Math. Artif. Intell.},
  volume    = {2},
  pages     = {165--178},
  year      = {1990},
  url       = {http://dx.doi.org/10.1007/BF01531004},
  doi       = {10.1007/BF01531004},
  timestamp = {Wed, 18 May 2011 16:17:26 +0200},
  biburl    = {http://dblp.uni-trier.de/rec/bib/journals/amai/GeigerP90},
  bibsource = {dblp computer science bibliography, http://dblp.org}
}


@article{DBLP:journals/ai/NiepertGSG13,
  author    = {Mathias Niepert and
               Marc Gyssens and
               Bassem Sayrafi and
               Dirk Van Gucht},
  title     = {On the conditional independence implication problem: {A} lattice-theoretic
               approach},
  journal   = {Artif. Intell.},
  volume    = {202},
  pages     = {29--51},
  year      = {2013},
  url       = {http://dx.doi.org/10.1016/j.artint.2013.06.005},
  doi       = {10.1016/j.artint.2013.06.005},
  timestamp = {Thu, 25 Jul 2013 12:58:09 +0200},
  biburl    = {http://dblp.uni-trier.de/rec/bib/journals/ai/NiepertGSG13},
  bibsource = {dblp computer science bibliography, http://dblp.org}
}

@article{DBLP:journals/iandc/Herrmann95,
  author    = {Christian Herrmann},
  title     = {On the Undecidability of Implications Between Embedded Multivalued
               Database Dependencies},
  journal   = {Inf. Comput.},
  volume    = {122},
  number    = {2},
  pages     = {221--235},
  year      = {1995},
  url       = {http://dx.doi.org/10.1006/inco.1995.1148},
  doi       = {10.1006/inco.1995.1148},
  timestamp = {Wed, 06 Jul 2011 21:24:03 +0200},
  biburl    = {http://dblp.uni-trier.de/rec/bib/journals/iandc/Herrmann95},
  bibsource = {dblp computer science bibliography, http://dblp.org}
}


@article{DBLP:journals/jacm/ArenasL05,
  author    = {Marcelo Arenas and
               Leonid Libkin},
  title     = {An information-theoretic approach to normal forms for relational and
               {XML} data},
  journal   = {J. {ACM}},
  volume    = {52},
  number    = {2},
  pages     = {246--283},
  year      = {2005},
  url       = {http://doi.acm.org/10.1145/1059513.1059519},
  doi       = {10.1145/1059513.1059519},
  timestamp = {Thu, 09 Feb 2006 13:34:10 +0100},
  biburl    = {http://dblp.uni-trier.de/rec/bib/journals/jacm/ArenasL05},
  bibsource = {dblp computer science bibliography, http://dblp.org}
}

@inproceedings{DBLP:conf/stoc/Vardi82,
  author    = {Moshe Y. Vardi},
  title     = {The Complexity of Relational Query Languages (Extended Abstract)},
  booktitle = {Proceedings of the 14th Annual {ACM} Symposium on Theory of Computing,
               May 5-7, 1982, San Francisco, California, {USA}},
  pages     = {137--146},
  year      = {1982},
  url       = {http://doi.acm.org/10.1145/800070.802186},
  doi       = {10.1145/800070.802186},
  timestamp = {Mon, 15 Jun 2015 19:00:08 +0200},
  biburl    = {http://dblp.uni-trier.de/rec/bib/conf/stoc/Vardi82},
  bibsource = {dblp computer science bibliography, http://dblp.org}
}


@InProceedings{getoor:kdd13-tutorial,
  author       = "Getoor, Lise and Machanavajjhala, Ashwin",
  title        = "Tutorial on Entity Resolution in Big Data",
  booktitle    = "ACM SIGKDD International Conference on Knowledge Discovery and Data Mining, KDD'13",
  pages     = "1527",
  year         = "2013",
}



@article{DBLP:journals/pvldb/GetoorM12,
  author    = {Lise Getoor and
               Ashwin Machanavajjhala},
  title     = {Entity Resolution: Theory, Practice {\&}amp; Open Challenges},
  journal   = {{PVLDB}},
  volume    = {5},
  number    = {12},
  pages     = {2018--2019},
  year      = {2012},
  url       = {http://vldb.org/pvldb/vol5/p2018_lisegetoor_vldb2012.pdf},
  timestamp = {Tue, 21 Aug 2012 07:41:43 +0200},
  biburl    = {http://dblp.uni-trier.de/rec/bib/journals/pvldb/GetoorM12},
  bibsource = {dblp computer science bibliography, http://dblp.org}
}

@inproceedings{DBLP:conf/kr/BroeckMD14,
  author    = {Guy Van den Broeck and
               Wannes Meert and
               Adnan Darwiche},
  title     = {Skolemization for Weighted First-Order Model Counting},
  booktitle = {Principles of Knowledge Representation and Reasoning: Proceedings
               of the Fourteenth International Conference, {KR} 2014, Vienna, Austria,
               July 20-24, 2014},
  year      = {2014},
  url       = {http://www.aaai.org/ocs/index.php/KR/KR14/paper/view/8012},
  timestamp = {Thu, 31 Jul 2014 10:35:22 +0200},
  biburl    = {http://dblp.uni-trier.de/rec/bib/conf/kr/BroeckMD14},
  bibsource = {dblp computer science bibliography, http://dblp.org}
}

@article{DBLP:journals/debu/BhattacharyaG06,
  author    = {Indrajit Bhattacharya and
               Lise Getoor},
  title     = {Collective Entity Resolution In Relational Data},
  journal   = {{IEEE} Data Eng. Bull.},
  volume    = {29},
  number    = {2},
  pages     = {4--12},
  year      = {2006},
  url       = {ftp://ftp.research.microsoft.com/pub/debull/A06June/bhattacharya1.ps},
  timestamp = {Fri, 01 Sep 2006 12:46:01 +0200},
  biburl    = {http://dblp.uni-trier.de/rec/bib/journals/debu/BhattacharyaG06},
  bibsource = {dblp computer science bibliography, http://dblp.org}
}

@inproceedings{DBLP:conf/icde/ArasuRS09,
  author    = {Arvind Arasu and
               Christopher R{\'{e}} and
               Dan Suciu},
  title     = {Large-Scale Deduplication with Constraints Using Dedupalog},
  booktitle = {Proceedings of the 25th International Conference on Data Engineering,
               {ICDE} 2009, March 29 2009 - April 2 2009, Shanghai, China},
  pages     = {952--963},
  year      = {2009},
  url       = {http://dx.doi.org/10.1109/ICDE.2009.43},
  doi       = {10.1109/ICDE.2009.43},
  timestamp = {Sat, 09 Aug 2014 14:37:16 +0200},
  biburl    = {http://dblp.uni-trier.de/rec/bib/conf/icde/ArasuRS09},
  bibsource = {dblp computer science bibliography, http://dblp.org}
}


@book{DBLP:books/cs/Ullman89,
  author    = {Jeffrey D. Ullman},
  title     = {Principles of Database and Knowledge-Base Systems, Volume {II}},
  publisher = {Computer Science Press},
  year      = {1989},
  isbn      = {0-7167-8162-X},
  timestamp = {Thu, 03 Jan 2002 11:51:12 +0100},
  biburl    = {http://dblp.uni-trier.de/rec/bib/books/cs/Ullman89},
  bibsource = {dblp computer science bibliography, http://dblp.org}
}


@article{DBLP:journals/tkdd/BhattacharyaG07,
  author    = {Indrajit Bhattacharya and
               Lise Getoor},
  title     = {Collective entity resolution in relational data},
  journal   = {{TKDD}},
  volume    = {1},
  number    = {1},
  year      = {2007},
  url       = {http://doi.acm.org/10.1145/1217299.1217304},
  doi       = {10.1145/1217299.1217304},
  timestamp = {Tue, 23 Oct 2007 11:45:46 +0200},
  biburl    = {http://dblp.uni-trier.de/rec/bib/journals/tkdd/BhattacharyaG07},
  bibsource = {dblp computer science bibliography, http://dblp.org}
}


@inproceedings{DBLP:conf/sigmod/ChaudhuriMN99,
  author    = {Surajit Chaudhuri and
               Rajeev Motwani and
               Vivek R. Narasayya},
  title     = {On Random Sampling over Joins},
  booktitle = {{ACM} {SIGMOD} International Conference
               on Management of Data, SIGMOD'99},
  pages     = {263--274},
  year      = {1999},
  url       = {http://doi.acm.org/10.1145/304182.304206},
  doi       = {10.1145/304182.304206},
  timestamp = {Mon, 09 Dec 2013 17:20:14 +0100},
  biburl    = {http://dblp.uni-trier.de/rec/bib/conf/sigmod/ChaudhuriMN99},
  bibsource = {dblp computer science bibliography, http://dblp.org}
}


@InProceedings{udrea:sigmod07,
  author       = "Udrea, Octavian and Getoor, Lise and Miller, Renee",
  title        = "Leveraging Data and Structure in Ontology Integration",
  booktitle    = "Proceedings of ACM-SIGMOD 2007 International Conference on Management",
  pages        = "449--460",
  year         = "2007",
}

@InProceedings{pujara:iswc13,
  author       = "Pujara, Jay and Miao, Hui and Getoor, Lise and Cohen, William",
  title        = "Knowledge Graph Identification",
  booktitle    = "International Semantic Web Conference (ISWC)",
  year         = "2013"
}

@misc{grohe-book,
  author = {Martin Grohe},
  title = {Descriptive Complexity, Canonisation, and Definable Graph Structure Theory},
  Note = {Book (Manuscript)},
  Year = {2013}}


@inproceedings{DBLP:conf/icml/ToulisK13,
  author    = {Panos Toulis and
               Edward K. Kao},
  title     = {Estimation of Causal Peer Influence Effects},
  booktitle = {Proceedings of the 30th International Conference on Machine Learning,
               {ICML} 2013, Atlanta, GA, USA, 16-21 June 2013},
  pages     = {1489--1497},
  year      = {2013},
  url       = {http://jmlr.org/proceedings/papers/v28/toulis13.html},
  timestamp = {Thu, 11 Sep 2014 07:28:55 +0200},
  biburl    = {http://dblp.uni-trier.de/rec/bib/conf/icml/ToulisK13},
  bibsource = {dblp computer science bibliography, http://dblp.org}
}


@inproceedings{DBLP:conf/sigmod/MeliouS12,
  author    = {Alexandra Meliou and
               Dan Suciu},
  title     = {Tiresias: the database oracle for how-to queries},
  booktitle = {Proceedings of the {ACM} {SIGMOD} International Conference on Management
               of Data, {SIGMOD} 2012, Scottsdale, AZ, USA, May 20-24, 2012},
  pages     = {337--348},
  year      = {2012},
  url       = {http://doi.acm.org/10.1145/2213836.2213875},
  doi       = {10.1145/2213836.2213875},
  timestamp = {Thu, 20 Dec 2012 18:31:31 +0100},
  biburl    = {http://dblp.uni-trier.de/rec/bib/conf/sigmod/MeliouS12},
  bibsource = {dblp computer science bibliography, http://dblp.org}
}

@Misc{faa-sfo,
  author =    {FAA},
  title =     {Simultaneous Close Parallel Approach Procedure},
  year =         {2013},
  howpublished = {\url{https://www.faa.gov/documentLibrary/media/Notice/N8260_73.pdf}}}



@book{markovsky2011low,
	title={Low rank approximation: algorithms, implementation, applications},
	author={Markovsky, Ivan},
	year={2011},
	publisher={Springer Science \& Business Media}
}

@inproceedings{DBLP:conf/www/KumarV10,
	author    = {Ravi Kumar and
	Sergei Vassilvitskii},
	title     = {Generalized distances between rankings},
	booktitle = {Proceedings of the 19th International Conference on World Wide Web,
	{WWW} 2010, Raleigh, North Carolina, USA, April 26-30, 2010},
	pages     = {571--580},
	year      = {2010},
	url       = {http://doi.acm.org/10.1145/1772690.1772749},
	doi       = {10.1145/1772690.1772749},
	timestamp = {Tue, 04 Jul 2017 19:05:20 +0200},
	biburl    = {https://dblp.org/rec/bib/conf/www/KumarV10},
	bibsource = {dblp computer science bibliography, https://dblp.org}
}

@techreport{NBERw22776,
	title = "Racial and Gender Discrimination in Transportation Network Companies",
	author = "Yanbo Ge and Christopher R. Knittel and Don MacKenzie and Stephen Zoepf",
	institution = "National Bureau of Economic Research",
	type = "Working Paper",
	series = "Working Paper Series",
	number = "22776",
	year = "2016",
	month = "October",
	doi = {10.3386/w22776},
	URL = "http://www.nber.org/papers/w22776",
	abstract = {Passengers have faced a history of discrimination in transportation systems. Peer transportation companies such as Uber and Lyft present the opportunity to rectify long-standing discrimination or worsen it. We sent passengers in Seattle, WA and Boston, MA to hail nearly 1,500 rides on controlled routes and recorded key performance metrics. Results indicated a pattern of discrimination, which we observed in Seattle through longer waiting times for African American passengers—as much as a 35 percent increase. In Boston, we observed discrimination by Uber drivers via more frequent cancellations against passengers when they used African American-sounding names. Across all trips, the cancellation rate for African American sounding names was more than twice as frequent compared to white sounding names. Male passengers requesting a ride in low-density areas were more than three times as likely to have their trip canceled when they used a African American-sounding name than when they used a white-sounding name. We also find evidence that drivers took female passengers for longer, more expensive, rides in Boston. We observe that removing names from trip booking may alleviate the immediate problem but could introduce other pathways for unequal treatment of passengers.},
}

@inproceedings{nabi2018fair,
	title={Fair inference on outcomes},
	author={Nabi, Razieh and Shpitser, Ilya},
	booktitle={Proceedings of the... AAAI Conference on Artificial Intelligence. AAAI Conference on Artificial Intelligence},
	volume={2018},
	pages={1931},
	year={2018},
	organization={NIH Public Access}
}


@inproceedings{kilbertus2017avoiding,
	title={Avoiding discrimination through causal reasoning},
	author={Kilbertus, Niki and Carulla, Mateo Rojas and Parascandolo, Giambattista and Hardt, Moritz and Janzing, Dominik and Sch{\"o}lkopf, Bernhard},
	booktitle={Advances in Neural Information Processing Systems},
	pages={656--666},
	year={2017}
}
@inproceedings{kusner2017counterfactual,
	title={Counterfactual fairness},
	author={Kusner, Matt J and Loftus, Joshua and Russell, Chris and Silva, Ricardo},
	booktitle={Advances in Neural Information Processing Systems},
	pages={4069--4079},
	year={2017}
}


@misc{adult,
	author={M. Lichman},
	title={UCI machine learning repository},
	url={},
	year=2013
}


@misc{tlc,
	author = {{{NYC} Taxi and Limousine Commission}},
	note = {\url{http://www.nyc.gov/html/tlc/html/about/trip_record_data.shtml},accessed on June 2, 2018},
	title = {{TLC} Trip Record Data},
	key = {TLC},
	year = {2018}
}


@inproceedings{salimi2018bias,
	title={Bias in OLAP Queries: Detection, Explanation, and Removal},
	author={Salimi, Babak and Gehrke, Johannes and Suciu, Dan},
	booktitle={Proceedings of the 2018 International Conference on Management of Data},
	pages={1021--1035},
	year={2018},
	organization={ACM}
}



@inproceedings{pearl2001direct,
	title={Direct and indirect effects},
	author={Pearl, Judea},
	booktitle={Proceedings of the seventeenth conference on uncertainty in artificial intelligence},
	pages={411--420},
	year={2001},
	organization={Morgan Kaufmann Publishers Inc.}
}

@article{rubin2005causal,
	title={Causal inference using potential outcomes: Design, modeling, decisions},
	author={Rubin, Donald B},
	journal={Journal of the American Statistical Association},
	volume={100},
	number={469},
	pages={322--331},
	year={2005},
	publisher={Taylor \& Francis}
}

@article{bindschaedler:17,
	title={Plausible deniability for privacy-preserving data synthesis},
	author={Bindschaedler, Vincent and Shokri, Reza and Gunter, Carl A},
	journal={Proceedings of the VLDB Endowment},
	volume={10},
	number={5},
	pages={481--492},
	year={2017},
	publisher={VLDB Endowment}
}

@misc{Lichman:2013 ,
	author = "M. Lichman",
	year = "2013",
	title = "{UCI} Machine Learning Repository",
	url = "http://archive.ics.uci.edu/ml",
	institution = "University of California, Irvine, School of Information and Computer Sciences" }

@inproceedings{lu:14,
	title={Generating private synthetic databases for untrusted system evaluation},
	author={Lu, Wentian and Miklau, Gerome and Gupta, Vani},
	booktitle={Data Engineering (ICDE), 2014 IEEE 30th International Conference on},
	pages={652--663},
	year={2014},
	organization={IEEE}
}


@article{xiao:10,
	title={Differentially Private Data Release through Multidimensional Partitioning.},
	author={Xiao, Yonghui and Xiong, Li and Yuan, Chun},
	journal={Secure Data Management},
	volume={6358},
	pages={150--168},
	year={2010},
	publisher={Springer}
}

@article{xi:15,
	author = {He, Xi and Cormode, Graham and Machanavajjhala, Ashwin and Procopiuc, Cecilia M. and Srivastava, Divesh},
	title = {DPT: Differentially Private Trajectory Synthesis Using Hierarchical Reference Systems},
	journal = {Proc. VLDB Endow.},
	issue_date = {July 2015},
	volume = {8},
	number = {11},
	month = jul,
	year = {2015},
	issn = {2150-8097},
	pages = {1154--1165},
	numpages = {12},
	url = {http://dx.doi.org/10.14778/2809974.2809978},
	doi = {10.14778/2809974.2809978},
	acmid = {2809978},
	publisher = {VLDB Endowment},
}


@article{hardt:10,
	author    = {Moritz Hardt and
	Katrina Ligett and
	Frank McSherry},
	title     = {A simple and practical algorithm for differentially private data release},
	journal   = {CoRR},
	volume    = {abs/1012.4763},
	year      = {2010},
	url       = {http://arxiv.org/abs/1012.4763},
	archivePrefix = {arXiv},
	eprint    = {1012.4763},
	timestamp = {Wed, 07 Jun 2017 14:40:52 +0200},
	biburl    = {http://dblp.org/rec/bib/journals/corr/abs-1012-4763},
	bibsource = {dblp computer science bibliography, http://dblp.org}
}

@inproceedings{proserpio:12,
	title={A workflow for differentially-private graph synthesis},
	author={Proserpio, Davide and Goldberg, Sharon and McSherry, Frank},
	booktitle={Proceedings of the 2012 ACM workshop on Workshop on online social networks},
	pages={13--18},
	year={2012},
	organization={ACM}
}

@inproceedings{dwork2006differential,
	author = {Dwork, Cynthia},
	title = {Differential Privacy},
	booktitle = {Proceedings of the 33rd International Conference on Automata, Languages and Programming - Volume Part II},
	series = {ICALP'06},
	year = {2006},
	isbn = {3-540-35907-9, 978-3-540-35907-4},
	location = {Venice, Italy},
	pages = {1--12},
	numpages = {12},
	url = {http://dx.doi.org/10.1007/11787006_1},
	doi = {10.1007/11787006_1},
	acmid = {2097284},
	publisher = {Springer-Verlag},
	address = {Berlin, Heidelberg},
}

@inproceedings{dwork2006calibrating,
	title={Calibrating noise to sensitivity in private data analysis},
	author={Dwork, Cynthia and McSherry, Frank and Nissim, Kobbi and Smith, Adam},
	booktitle={TCC},
	volume={3876},
	pages={265--284},
	year={2006},
	organization={Springer}
}

@inproceedings{mcsherry2007mechanism,
	title={Mechanism design via differential privacy},
	author={McSherry, Frank and Talwar, Kunal},
	booktitle={Foundations of Computer Science, 2007. FOCS'07. 48th Annual IEEE Symposium on},
	pages={94--103},
	year={2007},
	organization={IEEE}
}

@inproceedings{cormode2012differentially,
	title={Differentially private spatial decompositions},
	author={Cormode, Graham and Procopiuc, Cecilia and Srivastava, Divesh and Shen, Entong and Yu, Ting},
	booktitle={Data engineering (ICDE), 2012 IEEE 28th international conference on},
	pages={20--31},
	year={2012},
	organization={IEEE}
}

@article{chen14,
	author = {Chen, Rui and Fung, Benjamin C. and Yu, Philip S. and Desai, Bipin C.},
	title = {Correlated Network Data Publication via Differential Privacy},
	journal = {The VLDB Journal},
	issue_date = {August    2014},
	volume = {23},
	number = {4},
	month = aug,
	year = {2014},
	issn = {1066-8888},
	pages = {653--676},
	numpages = {24},
	url = {http://dx.doi.org/10.1007/s00778-013-0344-8},
	doi = {10.1007/s00778-013-0344-8},
	acmid = {2647906},
	publisher = {Springer-Verlag New York, Inc.},
	address = {Secaucus, NJ, USA},
	keywords = {Data correlation, Differential privacy, Network data, Non-interactive publication},
}

@article{evfimievski2004privacy,
	title={Privacy preserving mining of association rules},
	author={Evfimievski, Alexandre and Srikant, Ramakrishnan and Agrawal, Rakesh and Gehrke, Johannes},
	journal={Information Systems},
	volume={29},
	number={4},
	pages={343--364},
	year={2004},
	publisher={Elsevier}
}

@article{hay10,
	author = {Hay, Michael and Rastogi, Vibhor and Miklau, Gerome and Suciu, Dan},
	title = {Boosting the Accuracy of Differentially Private Histograms Through Consistency},
	journal = {Proc. VLDB Endow.},
	issue_date = {September 2010},
	volume = {3},
	number = {1-2},
	month = sep,
	year = {2010},
	issn = {2150-8097},
	pages = {1021--1032},
	numpages = {12},
	url = {http://dx.doi.org/10.14778/1920841.1920970},
	doi = {10.14778/1920841.1920970},
	acmid = {1920970},
	publisher = {VLDB Endowment},
}

@inproceedings{li10,
	author = {Li, Chao and Hay, Michael and Rastogi, Vibhor and Miklau, Gerome and McGregor, Andrew},
	title = {Optimizing Linear Counting Queries Under Differential Privacy},
	booktitle = {Proceedings of the Twenty-ninth ACM SIGMOD-SIGACT-SIGART Symposium on Principles of Database Systems},
	series = {PODS '10},
	year = {2010},
	isbn = {978-1-4503-0033-9},
	location = {Indianapolis, Indiana, USA},
	pages = {123--134},
	numpages = {12},
	url = {http://doi.acm.org/10.1145/1807085.1807104},
	doi = {10.1145/1807085.1807104},
	acmid = {1807104},
	publisher = {ACM},
	address = {New York, NY, USA},
	keywords = {differential privacy, output perturbation, private data analysis, semidefinite program},
}

@article{meng2017different,
	title={Different strategies for differentially private histogram publication},
	author={Meng, Xue and Li, Hui and Cui, Jiangtao},
	journal={Journal of Communications and Information Networks},
	volume={2},
	number={3},
	pages={68--77},
	year={2017},
	publisher={Springer}
}

@article{xiao2012dpcube,
	title={DPCube: differentially private histogram release through multidimensional partitioning},
	author={Xiao, Yonghui and Xiong, Li and Fan, Liyue and Goryczka, Slawomir},
	journal={arXiv preprint arXiv:1202.5358},
	year={2012}
}

@article{hay2010boosting,
	title={Boosting the accuracy of differentially private histograms through consistency},
	author={Hay, Michael and Rastogi, Vibhor and Miklau, Gerome and Suciu, Dan},
	journal={Proceedings of the VLDB Endowment},
	volume={3},
	number={1-2},
	pages={1021--1032},
	year={2010},
	publisher={VLDB Endowment}
}

@article{xu2013differentially,
	title={Differentially private histogram publication},
	author={Xu, Jia and Zhang, Zhenjie and Xiao, Xiaokui and Yang, Yin and Yu, Ge and Winslett, Marianne},
	journal={The VLDB Journal},
	volume={22},
	number={6},
	pages={797--822},
	year={2013},
	publisher={Springer}
}

@article{xiao2011differential,
	title={Differential privacy via wavelet transforms},
	author={Xiao, Xiaokui and Wang, Guozhang and Gehrke, Johannes},
	journal={IEEE Transactions on Knowledge and Data Engineering},
	volume={23},
	number={8},
	pages={1200--1214},
	year={2011},
	publisher={IEEE}
}

@inproceedings{rastogi2010differentially,
	title={Differentially private aggregation of distributed time-series with transformation and encryption},
	author={Rastogi, Vibhor and Nath, Suman},
	booktitle={Proceedings of the 2010 ACM SIGMOD International Conference on Management of data},
	pages={735--746},
	year={2010},
	organization={ACM}
}

@inproceedings{acs2012differentially,
	title={Differentially private histogram publishing through lossy compression},
	author={Acs, Gergely and Castelluccia, Claude and Chen, Rui},
	booktitle={Data Mining (ICDM), 2012 IEEE 12th International Conference on},
	pages={1--10},
	year={2012},
	organization={IEEE}
}

@inproceedings{day2015differentially,
	title={Differentially private publishing of high-dimensional data using sensitivity control},
	author={Day, Wei-Yen and Li, Ninghui},
	booktitle={Proceedings of the 10th ACM Symposium on Information, Computer and Communications Security},
	pages={451--462},
	year={2015},
	organization={ACM}
}

@inproceedings{kifer2011no,
	title={No free lunch in data privacy},
	author={Kifer, Daniel and Machanavajjhala, Ashwin},
	booktitle={Proceedings of the 2011 ACM SIGMOD International Conference on Management of data},
	pages={193--204},
	year={2011},
	organization={ACM}
}

@inproceedings{ping17datasynthesizer,
	author = {Ping, Haoyue and Stoyanovich, Julia and Howe, Bill},
	title = {DataSynthesizer: Privacy-Preserving Synthetic Datasets},
	booktitle = {Proceedings of the 29th International Conference on Scientific and Statistical Database Management},
	series = {SSDBM '17},
	year = {2017},
	isbn = {978-1-4503-5282-6},
	location = {Chicago, IL, USA},
	pages = {42:1--42:5},
	articleno = {42},
	numpages = {5},
	url = {http://doi.acm.org/10.1145/3085504.3091117},
	doi = {10.1145/3085504.3091117},
	acmid = {3091117},
	publisher = {ACM},
	address = {New York, NY, USA},
	keywords = {Data Sharing, Differential Privacy, Synthetic Data}
}

%1) you can use some of your budget to compute a noisy histogram over the domain and then come up with a condition for deciding when low counts in the extreme buckets are likely to indicate zeros in the true data.  Maybe it would make sense to define the buckets so that they grow towards the far right and far left.  The advantage of this technique is that any such histogram is low sensitivity and the results could, in theory, be reused for the synthetic data you produce.

% 2) There are a bunch of techniques in the literature for privately computing medians.  These can be extended to percentiles and you could compute, e.g., 5th and 9th percentile. The smooth sensitivity paper has a method for median, and McSherry has an interesting method for median using the exponential mechanism. This paper summarizes and compares a bunch of methods (Sec VI-A), so maybe start there:

% —> G. Cormode, M. Procopiuc, D. Srivastava, E. Shen, and T. Yu. Differentially private spatial decompositions. ICDE, 2012.

% What cited the one above:
% https://scholar.google.com/scholar?rlz=1C5CHFA_enUS758US758&um=1&ie=UTF-8&lr&cites=8319140496799217627

% If the attribute doesn’t seem dense and you just have an enormous domain to deal with, there is a technique in this paper that tries to prune the space of values that gets estimated when it seems likely that it is very sparse.  The setting of the paper is trajectories, which are sequences of “elements” from some alphabet, so you can see why the domain is enormous while the active domain might be small.  I’m not a huge fan of this paper, but it is an example of one way to cope with this issue.
% R. Chen, B. Fung, and B. C. Desai. Differentially private trajectory data publication. arXiv preprint arXiv:1112.2020, 2011.

@article{zhang2016expanding,
	title={Expanding bicycle-sharing systems: lessons learnt from an analysis of usage},
	author={Zhang, Ying and Thomas, Tom and Brussel, MJG and van Maarseveen, MFAM},
	journal={PLoS one},
	volume={11},
	number={12},
	pages={e0168604},
	year={2016},
	publisher={Public Library of Science}
}

@inproceedings{ferris2010onebusaway,
	title={OneBusAway: results from providing real-time arrival information for public transit},
	author={Ferris, Brian and Watkins, Kari and Borning, Alan},
	booktitle={Proceedings of the SIGCHI Conference on Human Factors in Computing Systems},
	pages={1807--1816},
	year={2010},
	organization={ACM}
}

@inproceedings{brock2018sig,
	title={SIG: Making Maps Accessible and Putting Accessibility in Maps},
	author={Brock, Anke M and Froehlich, Jon E and Guerreiro, Jo{\~a}o and Tannert, Benjamin and Caspi, Anat and Sch{\"o}ning, Johannes and Landau, Steve},
	booktitle={Extended Abstracts of the 2018 CHI Conference on Human Factors in Computing Systems},
	pages={SIG03},
	year={2018},
	organization={ACM}
}

@article{mcfarland2015big,
	title={Big data and the danger of being precisely inaccurate},
	author={McFarland, Daniel A and McFarland, H Richard},
	journal={Big Data \& Society},
	volume={2},
	number={2},
	pages={2053951715602495},
	year={2015},
	publisher={SAGE Publications Sage UK: London, England}
}

@article{shuo:15,
	author = {Ma, Shuo and Zheng, Yu and Wolfson, Ouri},
	year = {2015},
	month = {07},
	pages = {1782-1795},
	title = {Real-Time City-Scale Taxi Ridesharing},
	volume = {27},
	booktitle = {Knowledge and Data Engineering, IEEE Transactions on}
}

@article{demontjoye2013unique,
	added-at = {2015-11-25T18:44:48.000+0100},
	address = {Nature Publishing Group},
	author = {de Montjoye, Yves-Alexandre and Hidalgo, César A and Verleysen, Michel and Blondel, Vincent D},
	biburl = {https://www.bibsonomy.org/bibtex/23137be93d92239250696fb8401f8c272/bduong},
	interhash = {a7bda6a37a447eb184272d4d3012fc44},
	intrahash = {3137be93d92239250696fb8401f8c272},
	journal = {Scientific Reports},
	keywords = {2015 gsm individual kde mining mobility privacy seminar},
	publisher = {Macmillan Publishers Limited. All rights reserved},
	timestamp = {2015-11-25T19:13:12.000+0100},
	title = {Unique in the Crowd: The privacy bounds of human mobility},
	volume = 3,
	year = 2013
}

@article{amazonrace2016,
	author = {David Ingold and Spencer Soper},
	year = {2016},
	title = {Amazon Doesn't Consider the Race of Its Customers. Should it?},
	journal = {Bloomberg},
	note = {\url{www.bloomberg.com/graphics/2016-amazon-same-day/}}
}

@article{selbst2017disparate,
  title={Disparate Impact in Big Data Policing},
  author={Selbst, Andrew D},
  journal={Ga. L. Rev.},
  volume={52},
  pages={109},
  year={2017},
  publisher={HeinOnline}
}

@article{bodie2017law,
  title={The Law and policy of people analytics},
  author={Bodie, Matthew T and Cherry, Miriam A and McCormick, Marcia L and Tang, Jintong},
  journal={U. Colo. L. Rev.},
  volume={88},
  pages={961},
  year={2017},
  publisher={HeinOnline}
}

@article{personalitywsj2017,
title = {Are Workplace Personality Tests Fair?},
author = {Lauren Weber and Elizabeth Dwoskin},
journal = {Wall Strreet Journal},
year = 2014
}

@inproceedings{Verma:2018:FDE:3194770.3194776,
 author = {Verma, Sahil and Rubin, Julia},
 title = {Fairness Definitions Explained},
 booktitle = {Proceedings of the International Workshop on Software Fairness},
 series = {FairWare '18},
 year = {2018},
 isbn = {978-1-4503-5746-3},
 location = {Gothenburg, Sweden},
 pages = {1--7},
 numpages = {7},
 url = {http://doi.acm.org/10.1145/3194770.3194776},
 doi = {10.1145/3194770.3194776},
 acmid = {3194776},
 publisher = {ACM},
 address = {New York, NY, USA},
} 

@article{zliobaite2015survey,
  title={A survey on measuring indirect discrimination in machine learning},
  author={Zliobaite, Indre},
  journal={arXiv preprint arXiv:1511.00148},
  year={2015}
}

@article{amazonhire2018,
	author = {Jeffrey Dastin},
	year = {2018},
	title = {RPT-INSIGHT-Amazon scraps secret AI recruiting tool that showed bias against women},
	journal = {Reuters},
	note = {{\tiny{\url{https://www.reuters.com/article/amazoncom-jobs-automation/rpt-insight-amazon-scraps-secret-ai-recruiting-tool-that-showed-bias-against-women-idUSL2N1WP1RO}}}}
}

@inproceedings{feldman2015,
	author = {Feldman, Michael and Friedler, Sorelle A. and Moeller, John and Scheidegger, Carlos and Venkatasubramanian, Suresh},
	title = {Certifying and Removing Disparate Impact},
	booktitle = {Proceedings of the 21th ACM SIGKDD International Conference on Knowledge Discovery and Data Mining},
	series = {KDD '15},
	year = {2015},
	isbn = {978-1-4503-3664-2},
	location = {Sydney, NSW, Australia},
	pages = {259--268},
	numpages = {10},
	url = {http://doi.acm.org/10.1145/2783258.2783311},
	doi = {10.1145/2783258.2783311},
	acmid = {2783311},
	publisher = {ACM},
	address = {New York, NY, USA},
	keywords = {disparate impact, fairness, machine learning},
}

@inproceedings{DBLP:conf/pods/LevyMSS95,
  author    = {Alon Y. Levy and
               Alberto O. Mendelzon and
               Yehoshua Sagiv and
               Divesh Srivastava},
  title     = {Answering Queries Using Views},
  booktitle = {Proceedings of the Fourteenth {ACM} {SIGACT-SIGMOD-SIGART} Symposium
               on Principles of Database Systems, May 22-25, 1995, San Jose, California,
               {USA}},
  pages     = {95--104},
  year      = {1995},
  url       = {https://doi.org/10.1145/212433.220198},
  doi       = {10.1145/212433.220198},
  timestamp = {Tue, 06 Nov 2018 16:58:02 +0100},
  biburl    = {https://dblp.org/rec/bib/conf/pods/LevyMSS95},
  bibsource = {dblp computer science bibliography, https://dblp.org}
}

@inproceedings{DBLP:conf/sigmod/PopaDST00,
  author    = {Lucian Popa and
               Alin Deutsch and
               Arnaud Sahuguet and
               Val Tannen},
  title     = {A Chase Too Far?},
  booktitle = {Proceedings of the 2000 {ACM} {SIGMOD} International Conference on
               Management of Data, May 16-18, 2000, Dallas, Texas, {USA.}},
  pages     = {273--284},
  year      = {2000},
  url       = {https://doi.org/10.1145/342009.335421},
  doi       = {10.1145/342009.335421},
  timestamp = {Tue, 06 Nov 2018 11:07:38 +0100},
  biburl    = {https://dblp.org/rec/bib/conf/sigmod/PopaDST00},
  bibsource = {dblp computer science bibliography, https://dblp.org}
}