@inproceedings{DBLP:conf/vldb/qtune19,
  author    = {Guoliang Li and Xuanhe Zhou and Bo Gao and Shifu Li},
  title     = {QTune: A Query-Aware Database Tuning System with Deep Reinforcement Learning},
  booktitle = {VLDB},
  year      = {2019},
  crossref  = {DBLP:conf/vldb/2019},
  timestamp = {Fri, 17 May 2019 12:42:28 +0200},
  biburl    = {https://dblp.org/rec/bib/conf/cidr/LeisRGK017},
  bibsource = {dblp computer science bibliography, https://dblp.org}
}


@article{DBLP:journals/sigmod/0059Z0JOT16,
  author    = {Wei Wang and
               Meihui Zhang and
               Gang Chen and
               H. V. Jagadish and
               Beng Chin Ooi and
               Kian{-}Lee Tan},
  title     = {Database Meets Deep Learning: Challenges and Opportunities},
  journal   = {{SIGMOD} Record},
  volume    = {45},
  number    = {2},
  pages     = {17--22},
  year      = {2016},
  url       = {https://doi.org/10.1145/3003665.3003669},
  doi       = {10.1145/3003665.3003669},
  timestamp = {Sun, 02 Jun 2019 20:53:22 +0200},
  biburl    = {https://dblp.org/rec/bib/journals/sigmod/0059Z0JOT16},
  bibsource = {dblp computer science bibliography, https://dblp.org}
}


@inproceedings{DBLP:conf/mm/WangCDGOTW15,
  author    = {Wei Wang and
               Gang Chen and
               Tien Tuan Anh Dinh and
               Jinyang Gao and
               Beng Chin Ooi and
               Kian{-}Lee Tan and
               Sheng Wang},
  title     = {{SINGA:} Putting Deep Learning in the Hands of Multimedia Users},
  booktitle = {SIGMM},
  pages     = {25--34},
  year      = {2015},
  crossref  = {DBLP:conf/mm/2015},
  url       = {https://doi.org/10.1145/2733373.2806232},
  doi       = {10.1145/2733373.2806232},
  timestamp = {Sun, 02 Jun 2019 21:13:00 +0200},
  biburl    = {https://dblp.org/rec/bib/conf/mm/WangCDGOTW15},
  bibsource = {dblp computer science bibliography, https://dblp.org}
}


@book{Ramakrishnan:2002:DMS:560733,
 author = {Ramakrishnan, Raghu and Gehrke, Johannes},
 title = {Database Management Systems},
 year = {2003},
 isbn = {0072465638, 9780072465631},
 edition = {3},
 publisher = {McGraw-Hill, Inc.},
 address = {New York, NY, USA},
} 


@book{DBLP:books/daglib/0006734,
  author    = {C. J. Date},
  title     = {An introduction to database systems {(7.} ed.)},
  publisher = {Addison-Wesley-Longman},
  year      = {2000},
  isbn      = {978-0-201-68419-3},
  timestamp = {Thu, 28 Apr 2016 17:56:07 +0200},
  biburl    = {https://dblp.org/rec/bib/books/daglib/0006734},
  bibsource = {dblp computer science bibliography, https://dblp.org}
}

@article{DBLP:journals/jidm/FigueiredoBM10,
  author    = {Guilherme Figueiredo and
               Vanessa Braganholo and
               Marta Mattoso},
  title     = {Processing Queries over Distributed {XML} Databases},
  journal   = {{JIDM}},
  volume    = {1},
  number    = {3},
  pages     = {455--470},
  year      = {2010},
  url       = {http://seer.lcc.ufmg.br/index.php/jidm/article/view/80},
  timestamp = {Tue, 14 Jun 2016 17:22:50 +0200},
  biburl    = {https://dblp.org/rec/bib/journals/jidm/FigueiredoBM10},
  bibsource = {dblp computer science bibliography, https://dblp.org}
}

@inproceedings{DBLP:conf/sigmod/AkenPGZ17,
  author    = {Dana Van Aken and
               Andrew Pavlo and
               Geoffrey J. Gordon and
               Bohan Zhang},
  title     = {Automatic Database Management System Tuning Through Large-scale Machine
               Learning},
  booktitle = {SIGMOD},
  pages     = {1009--1024},
  year      = {2017},
  crossref  = {DBLP:conf/sigmod/2017},
  url       = {https://doi.org/10.1145/3035918.3064029},
  doi       = {10.1145/3035918.3064029},
  timestamp = {Tue, 06 Nov 2018 11:07:38 +0100},
  biburl    = {https://dblp.org/rec/bib/conf/sigmod/AkenPGZ17},
  bibsource = {dblp computer science bibliography, https://dblp.org}
}

@article{DBLP:journals/corr/abs-1802-00884,
  author    = {Michael Mitzenmacher},
  title     = {A Model for Learned Bloom Filters and Related Structures},
  journal   = {CoRR},
  volume    = {abs/1802.00884},
  year      = {2018},
  url       = {http://arxiv.org/abs/1802.00884},
  archivePrefix = {arXiv},
  eprint    = {1802.00884},
  timestamp = {Mon, 13 Aug 2018 16:46:35 +0200},
  biburl    = {https://dblp.org/rec/bib/journals/corr/abs-1802-00884},
  bibsource = {dblp computer science bibliography, https://dblp.org}
}

@article{DBLP:journals/corr/abs-1903-01363,
  author    = {Xi Liang and
               Aaron J. Elmore and
               Sanjay Krishnan},
  title     = {Opportunistic View Materialization with Deep Reinforcement Learning},
  journal   = {CoRR},
  volume    = {abs/1903.01363},
  year      = {2019},
  url       = {http://arxiv.org/abs/1903.01363},
  archivePrefix = {arXiv},
  eprint    = {1903.01363},
  timestamp = {Sat, 30 Mar 2019 19:27:21 +0100},
  biburl    = {https://dblp.org/rec/bib/journals/corr/abs-1903-01363},
  bibsource = {dblp computer science bibliography, https://dblp.org}
}

@inproceedings{DBLP:conf/sigmod/cdbtune19,
  author    = {Ji Zhang and Yu Liu and Ke Zhou and Guoliang Li},
  title     = {An End-to-End Automatic Cloud Database Tuning System Using Deep Reinforcement Learning},
  booktitle = {SIGMOD},
  year      = {2019},
  crossref  = {DBLP:conf/cidr/2017},
  url       = {http://cidrdb.org/cidr2017/papers/p9-leis-cidr17.pdf},
  timestamp = {Mon, 04 Jun 2018 08:42:28 +0200},
  biburl    = {https://dblp.org/rec/bib/conf/cidr/LeisRGK017},
  bibsource = {dblp computer science bibliography, https://dblp.org}
}


@article{DBLP:journals/corr/abs-1903-01363,
  author    = {Xi Liang and
               Aaron J. Elmore and
               Sanjay Krishnan},
  title     = {Opportunistic View Materialization with Deep Reinforcement Learning},
  journal   = {CoRR},
  volume    = {abs/1903.01363},
  year      = {2019},
  url       = {http://arxiv.org/abs/1903.01363},
  archivePrefix = {arXiv},
  eprint    = {1903.01363},
  timestamp = {Sat, 30 Mar 2019 19:27:21 +0100},
  biburl    = {https://dblp.org/rec/bib/journals/corr/abs-1903-01363},
  bibsource = {dblp computer science bibliography, https://dblp.org}
}


@article{DBLP:journals/pvldb/DuanTB09,
  author    = {Songyun Duan and
               Vamsidhar Thummala and
               Shivnath Babu},
  title     = {Tuning Database Configuration Parameters with iTuned},
  journal   = {{PVLDB}},
  volume    = {2},
  number    = {1},
  pages     = {1246--1257},
  year      = {2009},
  url       = {http://www.vldb.org/pvldb/2/vldb09-193.pdf},
  doi       = {10.14778/1687627.1687767},
  timestamp = {Thu, 16 Aug 2018 11:33:43 +0200},
  biburl    = {https://dblp.org/rec/bib/journals/pvldb/DuanTB09},
  bibsource = {dblp computer science bibliography, https://dblp.org}
}

@inproceedings{DBLP:conf/fskd/WeiDH14,
  author    = {Zhijie Wei and
               Zuohua Ding and
               Jueliang Hu},
  title     = {Self-tuning performance of database systems based on fuzzy rules},
  booktitle = {FSKD},
  pages     = {194--198},
  year      = {2014},
  crossref  = {DBLP:conf/fskd/2014},
  url       = {https://doi.org/10.1109/FSKD.2014.6980831},
  doi       = {10.1109/FSKD.2014.6980831},
  timestamp = {Thu, 25 May 2017 00:39:59 +0200},
  biburl    = {https://dblp.org/rec/bib/conf/fskd/WeiDH14},
  bibsource = {dblp computer science bibliography, https://dblp.org}
}

@inproceedings{DBLP:conf/cloud/ZhuLGBMLSY17,
  author    = {Yuqing Zhu and
               Jianxun Liu and
               Mengying Guo and
               Yungang Bao and
               Wenlong Ma and
               Zhuoyue Liu and
               Kunpeng Song and
               Yingchun Yang},
  title     = {BestConfig: tapping the performance potential of systems via automatic
               configuration tuning},
  booktitle = {SoCC},
  pages     = {338--350},
  year      = {2017},
  crossref  = {DBLP:conf/cloud/2017},
  url       = {https://doi.org/10.1145/3127479.3128605},
  doi       = {10.1145/3127479.3128605},
  timestamp = {Tue, 06 Nov 2018 11:07:34 +0100},
  biburl    = {https://dblp.org/rec/bib/conf/cloud/ZhuLGBMLSY17},
  bibsource = {dblp computer science bibliography, https://dblp.org}
}

@article{DBLP:journals/pvldb/LeisGMBK015,
  author    = {Viktor Leis and
               Andrey Gubichev and
               Atanas Mirchev and
               Peter A. Boncz and
               Alfons Kemper and
               Thomas Neumann},
  title     = {How Good Are Query Optimizers, Really?},
  journal   = {{PVLDB}},
  volume    = {9},
  number    = {3},
  pages     = {204--215},
  year      = {2015},
  url       = {http://www.vldb.org/pvldb/vol9/p204-leis.pdf},
  doi       = {10.14778/2850583.2850594},
  timestamp = {Thu, 16 Aug 2018 11:33:43 +0200},
  biburl    = {https://dblp.org/rec/bib/journals/pvldb/LeisGMBK015},
  bibsource = {dblp computer science bibliography, https://dblp.org}
}

@inproceedings{DBLP:conf/sigmod/OrtizBGK18,
  author    = {Jennifer Ortiz and
               Magdalena Balazinska and
               Johannes Gehrke and
               S. Sathiya Keerthi},
  title     = {Learning State Representations for Query Optimization with Deep Reinforcement
               Learning},
  booktitle = {SIGMOD},
  pages     = {4:1--4:4},
  year      = {2018},
  crossref  = {DBLP:conf/sigmod/2018deem},
  url       = {https://doi.org/10.1145/3209889.3209890},
  doi       = {10.1145/3209889.3209890},
  timestamp = {Wed, 21 Nov 2018 12:44:08 +0100},
  biburl    = {https://dblp.org/rec/bib/conf/sigmod/OrtizBGK18},
  bibsource = {dblp computer science bibliography, https://dblp.org}
}

@inproceedings{DBLP:conf/sigmod/SelingerACLP79,
  author    = {Patricia G. Selinger and
               Morton M. Astrahan and
               Donald D. Chamberlin and
               Raymond A. Lorie and
               Thomas G. Price},
  title     = {Access Path Selection in a Relational Database Management System},
  booktitle = {SIGMOD},
  pages     = {23--34},
  year      = {1979},
  crossref  = {DBLP:conf/sigmod/79},
  url       = {https://doi.org/10.1145/582095.582099},
  doi       = {10.1145/582095.582099},
  timestamp = {Wed, 14 Nov 2018 10:56:19 +0100},
  biburl    = {https://dblp.org/rec/bib/conf/sigmod/SelingerACLP79},
  bibsource = {dblp computer science bibliography, https://dblp.org}
}

@article{DBLP:journals/access/MaglogiannisNSM18,
  author    = {Vasilis Maglogiannis and
               Dries Naudts and
               Adnan Shahid and
               Ingrid Moerman},
  title     = {A Q-Learning Scheme for Fair Coexistence Between {LTE} and Wi-Fi in
               Unlicensed Spectrum},
  journal   = {{IEEE} Access},
  volume    = {6},
  pages     = {27278--27293},
  year      = {2018},
  url       = {https://doi.org/10.1109/ACCESS.2018.2829492},
  doi       = {10.1109/ACCESS.2018.2829492},
  timestamp = {Tue, 10 Jul 2018 09:45:16 +0200},
  biburl    = {https://dblp.org/rec/bib/journals/access/MaglogiannisNSM18},
  bibsource = {dblp computer science bibliography, https://dblp.org}
}

@article{DBLP:journals/kais/GaniSSH16,
  author    = {Abdullah Gani and
               Aisha Siddiqa and
               Shahaboddin Shamshirband and
               Fariza Hanum Nasaruddin},
  title     = {A survey on indexing techniques for big data: taxonomy and performance
               evaluation},
  journal   = {Knowl. Inf. Syst.},
  volume    = {46},
  number    = {2},
  pages     = {241--284},
  year      = {2016},
  url       = {https://doi.org/10.1007/s10115-015-0830-y},
  doi       = {10.1007/s10115-015-0830-y},
  timestamp = {Fri, 30 Nov 2018 13:27:38 +0100},
  biburl    = {https://dblp.org/rec/bib/journals/kais/GaniSSH16},
  bibsource = {dblp computer science bibliography, https://dblp.org}
}

@inproceedings{DBLP:conf/sigmod/KraskaBCDP18,
  author    = {Tim Kraska and
               Alex Beutel and
               Ed H. Chi and
               Jeffrey Dean and
               Neoklis Polyzotis},
  title     = {The Case for Learned Index Structures},
  booktitle = {SIGMOD},
  pages     = {489--504},
  year      = {2018},
  crossref  = {DBLP:conf/sigmod/2018},
  url       = {https://doi.org/10.1145/3183713.3196909},
  doi       = {10.1145/3183713.3196909},
  timestamp = {Wed, 21 Nov 2018 12:44:08 +0100},
  biburl    = {https://dblp.org/rec/bib/conf/sigmod/KraskaBCDP18},
  bibsource = {dblp computer science bibliography, https://dblp.org}
}

@article{DBLP:journals/pvldb/JindalKRP18,
  author    = {Alekh Jindal and
               Konstantinos Karanasos and
               Sriram Rao and
               Hiren Patel},
  title     = {Selecting Subexpressions to Materialize at Datacenter Scale},
  journal   = {{PVLDB}},
  volume    = {11},
  number    = {7},
  pages     = {800--812},
  year      = {2018},
  url       = {http://www.vldb.org/pvldb/vol11/p800-jindal.pdf},
  doi       = {10.14778/3192965.3192971},
  timestamp = {Tue, 16 Oct 2018 15:27:07 +0200},
  biburl    = {https://dblp.org/rec/bib/journals/pvldb/JindalKRP18},
  bibsource = {dblp computer science bibliography, https://dblp.org}
}

@inproceedings{DBLP:conf/sigmod/JindalQPYDBFLKR18,
  author    = {Alekh Jindal and
               Shi Qiao and
               Hiren Patel and
               Zhicheng Yin and
               Jieming Di and
               Malay Bag and
               Marc Friedman and
               Yifung Lin and
               Konstantinos Karanasos and
               Sriram Rao},
  title     = {Computation Reuse in Analytics Job Service at Microsoft},
  booktitle = {SIGMOD},
  pages     = {191--203},
  year      = {2018},
  crossref  = {DBLP:conf/sigmod/2018},
  url       = {https://doi.org/10.1145/3183713.3190656},
  doi       = {10.1145/3183713.3190656},
  timestamp = {Wed, 21 Nov 2018 12:44:08 +0100},
  biburl    = {https://dblp.org/rec/bib/conf/sigmod/JindalQPYDBFLKR18},
  bibsource = {dblp computer science bibliography, https://dblp.org}
}

@inproceedings{DBLP:conf/aaai/HasseltGS16,
  author    = {Hado van Hasselt and
               Arthur Guez and
               David Silver},
  title     = {Deep Reinforcement Learning with Double Q-Learning},
  booktitle = {AAAI},
  pages     = {2094--2100},
  year      = {2016},
  crossref  = {DBLP:conf/aaai/2016},
  url       = {http://www.aaai.org/ocs/index.php/AAAI/AAAI16/paper/view/12389},
  timestamp = {Wed, 05 Apr 2017 12:53:50 +0200},
  biburl    = {https://dblp.org/rec/bib/conf/aaai/HasseltGS16},
  bibsource = {dblp computer science bibliography, https://dblp.org}
}

@article{DBLP:journals/corr/abs-1902-05687,
  author    = {Zhiming Zhou and
               Jiadong Liang and
               Yuxuan Song and
               Lantao Yu and
               Hongwei Wang and
               Weinan Zhang and
               Yong Yu and
               Zhihua Zhang},
  title     = {Lipschitz Generative Adversarial Nets},
  journal   = {CoRR},
  volume    = {abs/1902.05687},
  year      = {2019},
  url       = {http://arxiv.org/abs/1902.05687},
  archivePrefix = {arXiv},
  eprint    = {1902.05687},
  timestamp = {Sun, 21 Apr 2019 10:04:41 +0200},
  biburl    = {https://dblp.org/rec/bib/journals/corr/abs-1902-05687},
  bibsource = {dblp computer science bibliography, https://dblp.org}
}

@inproceedings{DBLP:conf/aaai/YuZWY17,
  author    = {Lantao Yu and
               Weinan Zhang and
               Jun Wang and
               Yong Yu},
  title     = {SeqGAN: Sequence Generative Adversarial Nets with Policy Gradient},
  booktitle = {AAAI},
  pages     = {2852--2858},
  year      = {2017},
  crossref  = {DBLP:conf/aaai/2017},
  url       = {http://aaai.org/ocs/index.php/AAAI/AAAI17/paper/view/14344},
  timestamp = {Sun, 21 Apr 2019 10:04:41 +0200},
  biburl    = {https://dblp.org/rec/bib/conf/aaai/YuZWY17},
  bibsource = {dblp computer science bibliography, https://dblp.org}
}

@inproceedings{DBLP:conf/ideas/FernandesB15,
  author    = {S{\'{e}}rgio Fernandes and
               Jorge Bernardino},
  title     = {What is BigQuery?},
  booktitle = {Proceedings of the 19th International Database Engineering {\&}
               Applications Symposium, Yokohama, Japan, July 13-15, 2015},
  pages     = {202--203},
  year      = {2015},
  crossref  = {DBLP:conf/ideas/2015},
  url       = {https://doi.org/10.1145/2790755.2790797},
  doi       = {10.1145/2790755.2790797},
  timestamp = {Tue, 06 Nov 2018 16:58:58 +0100},
  biburl    = {https://dblp.org/rec/bib/conf/ideas/FernandesB15},
  bibsource = {dblp computer science bibliography, https://dblp.org}
}

@inproceedings{DBLP:conf/sigmod/MaAHMPG18,
  author    = {Lin Ma and
               Dana Van Aken and
               Ahmed Hefny and
               Gustavo Mezerhane and
               Andrew Pavlo and
               Geoffrey J. Gordon},
  title     = {Query-based Workload Forecasting for Self-Driving Database Management
               Systems},
  booktitle = {Proceedings of the 2018 International Conference on Management of
               Data, {SIGMOD} Conference 2018, Houston, TX, USA, June 10-15, 2018},
  pages     = {631--645},
  year      = {2018},
  crossref  = {DBLP:conf/sigmod/2018},
  url       = {https://doi.org/10.1145/3183713.3196908},
  doi       = {10.1145/3183713.3196908},
  timestamp = {Wed, 21 Nov 2018 12:44:08 +0100},
  biburl    = {https://dblp.org/rec/bib/conf/sigmod/MaAHMPG18},
  bibsource = {dblp computer science bibliography, https://dblp.org}
}

@article{DBLP:journals/corr/abs-1902-10680,
  author    = {Shi Zong and
               Alan Ritter and
               Graham Mueller and
               Evan Wright},
  title     = {Analyzing the Perceived Severity of Cybersecurity Threats Reported
               on Social Media},
  journal   = {CoRR},
  volume    = {abs/1902.10680},
  year      = {2019},
  url       = {http://arxiv.org/abs/1902.10680},
  archivePrefix = {arXiv},
  eprint    = {1902.10680},
  timestamp = {Tue, 21 May 2019 18:03:37 +0200},
  biburl    = {https://dblp.org/rec/bib/journals/corr/abs-1902-10680},
  bibsource = {dblp computer science bibliography, https://dblp.org}
}

@inproceedings{DBLP:conf/cidr/KipfKRLBK19,
  author    = {Andreas Kipf and
               Thomas Kipf and
               Bernhard Radke and
               Viktor Leis and
               Peter A. Boncz and
               Alfons Kemper},
  title     = {Learned Cardinalities: Estimating Correlated Joins with Deep Learning},
  booktitle = {CIDR},
  year      = {2019},
  crossref  = {DBLP:conf/cidr/2019},
  url       = {http://cidrdb.org/cidr2019/papers/p101-kipf-cidr19.pdf},
  timestamp = {Thu, 17 Jan 2019 16:08:33 +0100},
  biburl    = {https://dblp.org/rec/bib/conf/cidr/KipfKRLBK19},
  bibsource = {dblp computer science bibliography, https://dblp.org}
}

@inproceedings{DBLP:conf/sigmod/OrtizBGK18,
  author    = {Jennifer Ortiz and
               Magdalena Balazinska and
               Johannes Gehrke and
               S. Sathiya Keerthi},
  title     = {Learning State Representations for Query Optimization with Deep Reinforcement
               Learning},
  booktitle = {Proceedings of the Second Workshop on Data Management for End-To-End
               Machine Learning, DEEM@SIGMOD 2018, Houston, TX, USA, June 15, 2018},
  pages     = {4:1--4:4},
  year      = {2018},
  crossref  = {DBLP:conf/sigmod/2018deem},
  url       = {https://doi.org/10.1145/3209889.3209890},
  doi       = {10.1145/3209889.3209890},
  timestamp = {Wed, 21 Nov 2018 12:44:08 +0100},
  biburl    = {https://dblp.org/rec/bib/conf/sigmod/OrtizBGK18},
  bibsource = {dblp computer science bibliography, https://dblp.org}
}

@inproceedings{DBLP:conf/sigmod/MarcusP18,
  author    = {Ryan Marcus and
               Olga Papaemmanouil},
  title     = {Deep Reinforcement Learning for Join Order Enumeration},
  booktitle = {Proceedings of the First International Workshop on Exploiting Artificial
               Intelligence Techniques for Data Management, aiDM@SIGMOD 2018, Houston,
               TX, USA, June 10, 2018},
  pages     = {3:1--3:4},
  year      = {2018},
  crossref  = {DBLP:conf/sigmod/2018aidm},
  url       = {https://doi.org/10.1145/3211954.3211957},
  doi       = {10.1145/3211954.3211957},
  timestamp = {Wed, 21 Nov 2018 12:44:08 +0100},
  biburl    = {https://dblp.org/rec/bib/conf/sigmod/MarcusP18},
  bibsource = {dblp computer science bibliography, https://dblp.org}
}

@article{DBLP:journals/corr/abs-1808-03196,
  author    = {Sanjay Krishnan and
               Zongheng Yang and
               Ken Goldberg and
               Joseph M. Hellerstein and
               Ion Stoica},
  title     = {Learning to Optimize Join Queries With Deep Reinforcement Learning},
  journal   = {CoRR},
  volume    = {abs/1808.03196},
  year      = {2018},
  url       = {http://arxiv.org/abs/1808.03196},
  archivePrefix = {arXiv},
  eprint    = {1808.03196},
  timestamp = {Sun, 02 Sep 2018 15:01:54 +0200},
  biburl    = {https://dblp.org/rec/bib/journals/corr/abs-1808-03196},
  bibsource = {dblp computer science bibliography, https://dblp.org}
}
 
@inproceedings{DBLP:conf/sigmod/KraskaBCDP18,
  author    = {Tim Kraska and
               Alex Beutel and
               Ed H. Chi and
               Jeffrey Dean and
               Neoklis Polyzotis},
  title     = {The Case for Learned Index Structures},
  booktitle = {SIGMOD},
  pages     = {489--504},
  year      = {2018},
  crossref  = {DBLP:conf/sigmod/2018},
  url       = {https://doi.org/10.1145/3183713.3196909},
  doi       = {10.1145/3183713.3196909},
  timestamp = {Wed, 21 Nov 2018 12:44:08 +0100},
  biburl    = {https://dblp.org/rec/bib/conf/sigmod/KraskaBCDP18},
  bibsource = {dblp computer science bibliography, https://dblp.org}
}

@inproceedings{DBLP:conf/hais/PedrozoNR18,
  author    = {Wendel G{\'{o}}es Pedrozo and
               J{\'{u}}lio C{\'{e}}sar Nievola and
               Deborah Carvalho Ribeiro},
  title     = {An Adaptive Approach for Index Tuning with Learning Classifier Systems
               on Hybrid Storage Environments},
  booktitle = {HAIS},
  pages     = {716--729},
  year      = {2018},
  crossref  = {DBLP:conf/hais/2018},
  url       = {https://doi.org/10.1007/978-3-319-92639-1\_60},
  doi       = {10.1007/978-3-319-92639-1\_60},
  timestamp = {Tue, 14 May 2019 10:00:51 +0200},
  biburl    = {https://dblp.org/rec/bib/conf/hais/PedrozoNR18},
  bibsource = {dblp computer science bibliography, https://dblp.org}
}

@article{DBLP:journals/corr/abs-1903-01363,
  author    = {Xi Liang and
               Aaron J. Elmore and
               Sanjay Krishnan},
  title     = {Opportunistic View Materialization with Deep Reinforcement Learning},
  journal   = {CoRR},
  volume    = {abs/1903.01363},
  year      = {2019},
  url       = {http://arxiv.org/abs/1903.01363},
  archivePrefix = {arXiv},
  eprint    = {1903.01363},
  timestamp = {Sat, 30 Mar 2019 19:27:21 +0100},
  biburl    = {https://dblp.org/rec/bib/journals/corr/abs-1903-01363},
  bibsource = {dblp computer science bibliography, https://dblp.org}
}

@inproceedings{DBLP:conf/cidr/IdreosDQAHRLJGL19,
  author    = {Stratos Idreos and
               Niv Dayan and
               Wilson Qin and
               Mali Akmanalp and
               Sophie Hilgard and
               Andrew Ross and
               James Lennon and
               Varun Jain and
               Harshita Gupta and
               David Li and
               Zichen Zhu},
  title     = {Design Continuums and the Path Toward Self-Designing Key-Value Stores
               that Know and Learn},
  booktitle = {CIDR},
  year      = {2019},
  crossref  = {DBLP:conf/cidr/2019},
  url       = {http://cidrdb.org/cidr2019/papers/p143-idreos-cidr19.pdf},
  timestamp = {Thu, 17 Jan 2019 16:08:33 +0100},
  biburl    = {https://dblp.org/rec/bib/conf/cidr/IdreosDQAHRLJGL19},
  bibsource = {dblp computer science bibliography, https://dblp.org}
}