@misc{mcfeely2018workplace,
  title={What workplace leaders can learn from the real gig economy. Gallup},
  author={McFeely, S and Pendell, R},
  year={2018}
}

@article{doan2011crowdsourcing,
  title={Crowdsourcing systems on the world-wide web},
  author={Doan, Anhai and Ramakrishnan, Raghu and Halevy, Alon Y},
  journal={Communications of the ACM},
  volume={54},
  number={4},
  pages={86--96},
  year={2011},
  publisher={ACM}
}

@article{brawley2016work,
  title={Work experiences on MTurk: Job satisfaction, turnover, and information sharing},
  author={Brawley, Alice M and Pury, Cynthia LS},
  journal={Computers in Human Behavior},
  volume={54},
  pages={531--546},
  year={2016},
  publisher={Elsevier}
}

@article{basu2015task,
  title={Task assignment optimization in knowledge-intensive crowdsourcing},
  author={Basu Roy, Senjuti and Lykourentzou, Ioanna and Thirumuruganathan, Saravanan and Amer-Yahia, Sihem and Das, Gautam},
  journal={The VLDB Journalâ€”The International Journal on Very Large Data Bases},
  volume={24},
  number={4},
  pages={467--491},
  year={2015},
  publisher={Springer-Verlag New York, Inc.}
}

@inproceedings{rahman2015task,
  title={Task assignment optimization in collaborative crowdsourcing},
  author={Rahman, Habibur and Roy, Senjuti Basu and Thirumuruganathan, Saravanan and Amer-Yahia, Sihem and Das, Gautam},
  booktitle={2015 IEEE International Conference on Data Mining},
  pages={949--954},
  year={2015},
  organization={IEEE}
}

@inproceedings{ho2012online,
  title={Online task assignment in crowdsourcing markets},
  author={Ho, Chien-Ju and Vaughan, Jennifer Wortman},
  booktitle={Twenty-Sixth AAAI Conference on Artificial Intelligence},
  year={2012}
}

@book{DBLP:books/daglib/0031391,
  author    = {Daniel Schall},
  title     = {Service-Oriented Crowdsourcing - Architecture, Protocols and Algorithms},
  series    = {Springer Briefs in Computer Science},
  publisher = {Springer},
  year      = {2012},
  url       = {https://doi.org/10.1007/978-1-4614-5956-9},
  doi       = {10.1007/978-1-4614-5956-9},
  isbn      = {978-1-4614-5955-2},
  timestamp = {Wed, 20 Dec 2017 15:52:49 +0100},
  biburl    = {https://dblp.org/rec/bib/books/daglib/0031391},
  bibsource = {dblp computer science bibliography, https://dblp.org}
}

@article{DBLP:journals/www/SchallSP14,
  author    = {Daniel Schall and
               Benjamin Satzger and
               Harald Psaier},
  title     = {Crowdsourcing tasks to social networks in BPEL4People},
  journal   = {World Wide Web},
  volume    = {17},
  number    = {1},
  pages     = {1--32},
  year      = {2014},
  url       = {https://doi.org/10.1007/s11280-012-0180-6},
  doi       = {10.1007/s11280-012-0180-6},
  timestamp = {Wed, 20 Dec 2017 15:52:49 +0100},
  biburl    = {https://dblp.org/rec/bib/journals/www/SchallSP14},
  bibsource = {dblp computer science bibliography, https://dblp.org}
}

@article{rahman2015worker,
  title={Worker skill estimation in team-based tasks},
  author={Rahman, Habibur and Thirumuruganathan, Saravanan and Roy, Senjuti Basu and Amer-Yahia, Sihem and Das, Gautam},
  journal={Proceedings of the VLDB Endowment},
  volume={8},
  number={11},
  pages={1142--1153},
  year={2015},
  publisher={VLDB Endowment}
}

@article{zheng2017truth,
  title={Truth inference in crowdsourcing: Is the problem solved?},
  author={Zheng, Yudian and Li, Guoliang and Li, Yuanbing and Shan, Caihua and Cheng, Reynold},
  journal={Proceedings of the VLDB Endowment},
  volume={10},
  number={5},
  pages={541--552},
  year={2017},
  publisher={VLDB Endowment}
}

@article{raykar2012eliminating,
  title={Eliminating spammers and ranking annotators for crowdsourced labeling tasks},
  author={Raykar, Vikas C and Yu, Shipeng},
  journal={Journal of Machine Learning Research},
  volume={13},
  number={Feb},
  pages={491--518},
  year={2012}
}

@article{ikeda2016collaborative,
  title={Collaborative crowdsourcing with crowd4U},
  author={Ikeda, Kosetsu and Morishima, Atsuyuki and Rahman, Habibur and Roy, Senjuti Basu and Thirumuruganathan, Saravanan and Amer-Yahia, Sihem and Das, Gautam},
  journal={Proceedings of the VLDB Endowment},
  volume={9},
  number={13},
  pages={1497--1500},
  year={2016},
  publisher={VLDB Endowment}
}

@article{li2016crowdsourced,
  title={Crowdsourced data management: A survey},
  author={Li, Guoliang and Wang, Jiannan and Zheng, Yudian and Franklin, Michael J},
  journal={IEEE Transactions on Knowledge and Data Engineering},
  volume={28},
  number={9},
  pages={2296--2319},
  year={2016},
  publisher={IEEE}
}

@article{amer2016human,
  title={Human factors in crowdsourcing},
  author={Amer-Yahia, Sihem and Roy, Senjuti Basu},
  journal={Proceedings of the VLDB Endowment},
  volume={9},
  number={13},
  pages={1615--1618},
  year={2016},
  publisher={VLDB Endowment}
}

@inproceedings{kaufmann2011more,
  title={More than fun and money. Worker Motivation in Crowdsourcing-A Study on Mechanical Turk.},
  author={Kaufmann, Nicolas and Schulze, Thimo and Veit, Daniel},
  booktitle={AMCIS},
  volume={11},
  number={2011},
  pages={1--11},
  year={2011},
  organization={Detroit, Michigan, USA}
}

@article{pilz2013does,
  title={Does Money Matter? Motivational Factors for Participation in Paid-and Non-Profit-Crowdsourcing Communities.},
  author={Pilz, Dennis and Gewald, Heiko},
  journal={Wirtschaftsinformatik},
  volume={37},
  pages={73--82},
  year={2013}
}

@inproceedings{cullina2015measuring,
  title={Measuring the crowd: a preliminary taxonomy of crowdsourcing metrics},
  author={Cullina, Eoin and Conboy, Kieran and Morgan, Lorraine},
  booktitle={Proceedings of the 11th International Symposium on Open Collaboration},
  pages={7},
  year={2015},
  organization={ACM}
}

@misc{Figure8DataForEveryone,
  title = {Figure Eight's Data for Everyone},
  howpublished = {\url{https://www.figure-eight.com/data-for-everyone/}},
  note = {Accessed: 07-Dec-2019}
}
@article{morishima2012cylog,
  title={CyLog/Crowd4U: A declarative platform for complex data-centric crowdsourcing},
  author={Morishima, Atsuyuki and Shinagawa, Norihide and Mitsuishi, Tomomi and Aoki, Hideto and Fukusumi, Shun},
  journal={Proceedings of the VLDB Endowment},
  volume={5},
  number={12},
  pages={1918--1921},
  year={2012},
  publisher={VLDB Endowment}
}

@inproceedings{morishima2014crowd4u,
  title={Crowd4u: An initiative for constructing an open academic crowdsourcing network},
  author={Morishima, Atsuyuki and Amer-Yahia, Sihem and Roy, Senjuti Basu},
  booktitle={Second AAAI conference on human computation and crowdsourcing},
  year={2014}
}

@inproceedings{irani2013turkopticon,
  title={Turkopticon: Interrupting worker invisibility in amazon mechanical turk},
  author={Irani, Lilly C and Silberman, M},
  booktitle={Proceedings of the SIGCHI conference on human factors in computing systems},
  pages={611--620},
  year={2013},
  organization={ACM}
}

@inproceedings{salehi2015we,
  title={We are dynamo: Overcoming stalling and friction in collective action for crowd workers},
  author={Salehi, Niloufar and Irani, Lilly C and Bernstein, Michael S and Alkhatib, Ali and Ogbe, Eva and Milland, Kristy and others},
  booktitle={Proceedings of the 33rd annual ACM conference on human factors in computing systems},
  pages={1621--1630},
  year={2015},
  organization={ACM}
}



@inproceedings{DBLP:conf/www/MavridisGM16,
  author    = {Panagiotis Mavridis and
               David Gross{-}Amblard and
               Zolt{\'{a}}n Mikl{\'{o}}s},
  title     = {Using Hierarchical Skills for Optimized Task Assignment in Knowledge-Intensive
               Crowdsourcing},
  booktitle = {Proceedings of the 25th International Conference on World Wide Web,
               {WWW} 2016, Montreal, Canada, April 11 - 15, 2016},
  pages     = {843--853},
  year      = {2016},
  url       = {https://doi.org/10.1145/2872427.2883070},
  doi       = {10.1145/2872427.2883070},
  timestamp = {Tue, 06 Nov 2018 16:57:09 +0100},
  biburl    = {https://dblp.org/rec/bib/conf/www/MavridisGM16},
  bibsource = {dblp computer science bibliography, https://dblp.org}
}

@proceedings{DBLP:conf/www/2016,
  editor    = {Jacqueline Bourdeau and
               Jim Hendler and
               Roger Nkambou and
               Ian Horrocks and
               Ben Y. Zhao},
  title     = {Proceedings of the 25th International Conference on World Wide Web,
               {WWW} 2016, Montreal, Canada, April 11 - 15, 2016},
  publisher = {{ACM}},
  year      = {2016},
  url       = {http://dl.acm.org/citation.cfm?id=2872427},
  isbn      = {978-1-4503-4143-1},
  timestamp = {Sun, 10 Apr 2016 10:51:59 +0200},
  biburl    = {https://dblp.org/rec/bib/conf/www/2016},
  bibsource = {dblp computer science bibliography, https://dblp.org}
}

