@book{burkard2012assignment,
  title={Assignment problems, revised reprint},
  author={Burkard, Rainer and Dell'Amico, Mauro and Martello, Silvano},
  volume={106},
  year={2012},
  publisher={Siam}
}

--------------------------------------
%zeng

# platform
@misc{ups,
  title = {{UPS}},
  url = {https://www.ups.com/},
  year = {2018},
}

@misc{googlemap,
  title = {{Google Maps}},
  url = {https://map.google.com/},
  year = {2019},
}

@misc{cplex,
	title = {{CPLEX}},
	url = {https://www.ibm.com/analytics/cplex-optimizer},
	year = {2019},
}

@misc{meituan,
  title = {{Meituan}},
  url = {https://www.meituan.com/},
  year = {2019},
}

@misc{fedex,
  title = {{FedEx}},
  url = {https://www.fedex.com/},
  year = {2018},
}

@misc{cainiao,
  title = {{Cainiao}},
  url = {https://www.cainiao.com/},
  year = {2018},
}

@misc{uber,
  title = {{Uber}},
  url = {https://www.uber.com/},
  year = {2018},
}

@misc{mediaq,
  title = {{MediaQ}},
  url = {http://mediaq.usc.edu/},
  year = {2019},
}

@misc{pokemango,
  title = {{Pok{\'e}mon Go}},
  url = {https://www.pokemongo.com/},
  year = {2018},
}

@misc{facebookeditor,
  title = {{Facebook Editor}},
  url = {https://www.facebook.com/editor},
  year = {2018},
}

@misc{didi,
  title = {{DiDi Chuxing}},
  url = {https://www.didiglobal.com/},
  year = {2018},
}

@misc{grubhub,
  title = {{GrubHub}},
  url = {https://www.grubhub.com/},
  year = {2018},
}

@misc{seamless,
	title = {{Seamless}},
	url = {https://www.seamless.com},
	year = {2019},
}

@misc{gigwalk,
  title = {{Gigwalk}},
  url = {http://www.gigwalk.com},
  year = {2018},
}

@misc{taskrabbit,
  title = {{TaskRabbit}},
  url = {http://www.taskrabbit.com},
  year = {2018},
}

@misc{hot,
	title = {{Humanitarian OpenStreetMap Team}},
	url = {https://www.hotosm.org/},
	year = {2019},
}

@misc{waze,
  title = {{Waze}},
  url = {http://www.waze.com/},
  year = {2018},
}

@misc{interestingsport,
  title = {{InterestingSport}},
  url = {http://www.quyundong.com/},
  year = {2018},
}

@misc{nanguache,
  title = {{Nanguache}},
  url = {http://www.nanguache.com/},
  year = {2018},
}

@misc{yelp,
  title = {{Yelp}},
  url = {https://www.yelp.com/},
  year = {2018},
}


@misc{eleme,
  title = {{Ele.me}},
  url = {https://www.ele.me/home/},
  year = {2018},
}

@misc{wikimap,
	title = {{Wikimapia}},
	url = {https://www.wikimapia.org/},
	year = {2019},
}

@misc{openstreetmap,
  title = {{OpenStreetMap}},
  url = {https://www.openstreetmap.org/},
  year = {2018},
}

@misc{foursquare,
  title = {{Foursquare}},
  url = {https://foursquare.com/},
  year = {2018},
}

@misc{amt,
  title = {{Amazon Mechanical Turk}},
  url = {https://www.mturk.com/},
  year = {2018},
}

@misc{upwork,
  title = {{Upwork}},
  url = {https://www.upwork.com/},
  year = {2019},
}

@misc{geohash,
  title = {{Geohash}},
  url = {https://en.wikipedia.org/wiki/Geohash},
  year = {2018},
}

@misc{instacart,
  title = {{Instacart}},
  url = {https://www.instacart.com/},
  year = {2018},
}

%%%%%%%%%%%%%%%%%%%%%%%%%%%%%%%%%%%%%%%%%%%%%%%%%%%%%%%%%%%%%%%
@inproceedings{DBLP:conf/gis/DengSZ15,
  author    = {Dingxiong Deng and
               Cyrus Shahabi and
               Linhong Zhu},
  title     = {Task matching and scheduling for multiple workers in spatial crowdsourcing},
  booktitle = {GIS},
  pages     = {21:1--21:10},
  year      = {2015}
}

@Article{sun2018online,
	author={Sun, Dezhi
	and Xu, Ke
	and Cheng, Hao
	and Zhang, Yuanyuan
	and Song, Tianshu
	and Liu, Rui
	and Xu, Yi},
	title={Online delivery route recommendation in spatial crowdsourcing},
	journal={{WWW}},
	number={11},
	pages={1-22},
	year={2018},
}

@inproceedings{DBLP:conf/bigdataconf/AsghariS17,
  author    = {Mohammad Asghari and
               Cyrus Shahabi},
  title     = {On on-line task assignment in spatial crowdsourcing},
  booktitle = {2017 {IEEE} International Conference on Big Data},
  pages     = {395--404},
  year      = {2017},
}

@inproceedings{DBLP:conf/dasfaa/TaoZZTC018,
  author    = {Qian Tao and
               Yuxiang Zeng and
               Zimu Zhou and
               Yongxin Tong and
               Lei Chen and
               Ke Xu},
  title     = {Multi-Worker-Aware Task Planning in Real-Time Spatial Crowdsourcing},
  booktitle = {Database Systems for Advanced Applications - 23rd International Conference},
  pages     = {301--317},
  year      = {2018},
}


# global
@book{borodin2005online,
  author    = {Allan Borodin and
               Ran El{-}Yaniv},
  title     = {Online computation and competitive analysis},
  publisher = {Cambridge University Press},
  year      = {2005},
}

@article{DBLP:journals/pvldb/TongCS17,
  author    = {Yongxin Tong and
               Lei Chen and
               Cyrus Shahabi},
  title     = {Spatial Crowdsourcing: Challenges, Techniques, and Applications},
  journal   = {PVLDB},
  volume    = {10},
  number    = {12},
  pages     = {1988--1991},
  year      = {2017},
}

@article{DBLP:journals/debu/0002S16,
  author    = {Lei Chen and
               Cyrus Shahabi},
  title     = {Spatial Crowdsourcing: Challenges and Opportunities},
  journal   = {{IEEE} Data Engineering Bulletin},
  volume    = {39},
  number    = {4},
  pages     = {14--25},
  year      = {2016},
}

@article{DBLP:journals/sigspatial/TongZ18,
  author    = {Yongxin Tong and
               Zimu Zhou},
  title     = {Dynamic task assignment in spatial crowdsourcing},
  journal   = {Proceedings of the 26rd {ACM} {SIGSPATIAL} International Conference on Advances
               in Geographic Information Systems},
  volume    = {10},
  number    = {2},
  pages     = {18--25},
  year      = {2018},
}

# task assignment
@inproceedings{DBLP:conf/mdm/AlfarrarjehES15,
  author    = {Abdullah Alfarrarjeh and
               Tobias Emrich and
               Cyrus Shahabi},
  title     = {Scalable Spatial Crowdsourcing: {A} Study of Distributed Algorithms},
  booktitle = {MDM},
  pages     = {134--144},
  year      = {2015},
}

@inproceedings{DBLP:conf/atal/ChenCML15,
  author    = {Cen Chen and
               Shih{-}Fen Cheng and
               Archan Misra and
               Hoong Chuin Lau},
  title     = {Multi-Agent Task Assignment for Mobile Crowdsourcing under Trajectory
               Uncertainties},
  booktitle = {Proceedings of the 14th International Conference on Autonomous Agents
               and MultiAgent Systems},
  pages     = {1715--1716},
  year      = {2015},
}

@article{DBLP:journals/eswa/HassanC16,
  author    = {Umair ul Hassan and
               Edward Curry},
  title     = {Efficient task assignment for spatial crowdsourcing: {A} combinatorial
               fractional optimization approach with semi-bandit learning},
  journal   = {Expert Systems with Applications},
  volume    = {58},
  pages     = {36--56},
  year      = {2016},
}

@article{DBLP:journals/dase/GaoTSSCX17,
  author    = {Dawei Gao and
               Yongxin Tong and
               Jieying She and
               Tianshu Song and
               Lei Chen and
               Ke Xu},
  title     = {Top-k Team Recommendation and Its Variants in Spatial Crowdsourcing},
  journal   = {Data Science and Engineering},
  volume    = {2},
  number    = {2},
  pages     = {136--150},
  year      = {2017},
}

@article{DBLP:journals/tist/TranTFS18,
  author    = {Luan Tran and
               Hien To and
               Liyue Fan and
               Cyrus Shahabi},
  title     = {A Real-Time Framework for Task Assignment in Hyperlocal Spatial Crowdsourcing},
  journal   = {{ACM} Transactions on Intelligent Systems and Technology},
  volume    = {9},
  number    = {3},
  pages     = {37:1--37:26},
  year      = {2018},
}

@article{DBLP:journals/tkde/ChengLCHZ16,
  author    = {Peng Cheng and
               Xiang Lian and
               Lei Chen and
               Jinsong Han and
               Jizhong Zhao},
  title     = {Task Assignment on Multi-Skill Oriented Spatial Crowdsourcing},
  journal   = {{IEEE} Transactions on Knowledge and Data Engineering},
  volume    = {28},
  number    = {8},
  pages     = {2201--2215},
  year      = {2016},
}

@inproceedings{DBLP:conf/atal/DickersonSSX18,
  author    = {John P. Dickerson and
               Karthik Abinav Sankararaman and
               Aravind Srinivasan and
               Pan Xu},
  title     = {Assigning Tasks to Workers based on Historical Data: Online Task Assignment
               with Two-sided Arrivals},
  booktitle = {Proceedings of the 17th International Conference on Autonomous Agents
               and MultiAgent Systems},
  pages     = {318--326},
  year      = {2018},
}

@inproceedings{DBLP:conf/gis/DengSD13,
  author    = {Dingxiong Deng and
               Cyrus Shahabi and
               Ugur Demiryurek},
  title     = {Maximizing the number of worker's self-selected tasks in spatial crowdsourcing},
  booktitle = {GIS},
  pages     = {314--323},
  year      = {2013},
}

@inproceedings{DBLP:conf/aaai/DickersonSSX18,
  author    = {John P. Dickerson and
               Karthik Abinav Sankararaman and
               Aravind Srinivasan and
               Pan Xu},
  title     = {Allocation Problems in Ride-Sharing Platforms: Online Matching With
               Offline Reusable Resources},
  booktitle = {Proceedings of the 32nd {AAAI} Conference on Artificial Intelligence},
  pages     = {1007--1014},
  year      = {2018}
}

@inproceedings{DBLP:conf/icde/ToS018,
  author    = {Hien To and
               Cyrus Shahabi and
               Li Xiong},
  title     = {Privacy-Preserving Online Task Assignment in Spatial Crowdsourcing
               with Untrusted Server},
  booktitle = {34th {IEEE} International Conference on Data Engineering},
  pages     = {833--844},
  year      = {2018},
}

@inproceedings{DBLP:conf/stoc/EmekKW16,
  author    = {Yuval Emek and
               Shay Kutten and
               Roger Wattenhofer},
  title     = {Online matching: haste makes waste!},
  booktitle = {Proceedings of the 48th Annual {ACM} {SIGACT} Symposium on Theory
               of Computing},
  pages     = {333--344},
  year      = {2016},
}

@inproceedings{DBLP:conf/soda/AzarCK17,
  author    = {Yossi Azar and
               Ashish Chiplunkar and
               Haim Kaplan},
  title     = {Polylogarithmic Bounds on the Competitiveness of Min-cost Perfect
               Matching with Delays},
  booktitle = {Proceedings of the 28th Annual {ACM-SIAM} Symposium on Discrete
               Algorithms},
  pages     = {1051--1061},
  year      = {2017},
}

@inproceedings{DBLP:conf/approx/AshlagiACCGKMWW17,
  author    = {Itai Ashlagi and
               Yossi Azar and
               Moses Charikar and
               Ashish Chiplunkar and
               Ofir Geri and
               Haim Kaplan and
               Rahul M. Makhijani and
               Yuyi Wang and
               Roger Wattenhofer},
  title     = {Min-Cost Bipartite Perfect Matching with Delays},
  booktitle = {Approximation, Randomization, and Combinatorial Optimization. Algorithms
               and Techniques},
  pages     = {1:1--1:20},
  year      = {2017},
}

@inproceedings{DBLP:conf/waoa/AzarF18,
  author    = {Yossi Azar and
               Amit Jacob Fanani},
  title     = {Deterministic Min-Cost Matching with Delays},
  booktitle = {16th International Workshop on Approximation and Online Algorithms},
  pages     = {21--35},
  year      = {2018},
}

@inproceedings{DBLP:conf/icde/ChenICDE19,
  author    = {Zhao Chen and
               Peng Cheng and
               Yuxiang Zeng and
				Lei Chen},
  title     = {Minimizing Maximum Delay of Task Assignment in Spatial Crowdsourcing},
  booktitle = {35th {IEEE} International Conference on Data Engineering},
  pages     = {1454--1465},
  year      = {2019},
}

@inproceedings{DBLP:conf/kdd/ZhangHMWZFGY17,
  author    = {Lingyu Zhang and
               Tao Hu and
               Yue Min and
               Guobin Wu and
               Junying Zhang and
               Pengcheng Feng and
               Pinghua Gong and
               Jieping Ye},
  title     = {A Taxi Order Dispatch Model based On Combinatorial Optimization},
  booktitle = {KDD},
  pages     = {2151--2159},
  year      = {2017},
}

@inproceedings{DBLP:conf/aaai/ZhaoAAAI19,
  author    = {Boming Zhao and
               Pan Xu and
               Yexuan Shi and
               Yongxin Tong and
				 Zimu Zhou and
				 Yuxiang Zeng},
  title     = {Preference-Aware Task Assignment in On-demand Taxi Dispatching:
				An Online Stable Matching Approach},
  booktitle = {Proceedings of the 33rd {AAAI} Conference on Artificial Intelligence},
  year      = {2019}
}

@article{DBLP:journals/pvldb/TongWZDCYX17,
  author    = {Yongxin Tong and
               Libin Wang and
               Zimu Zhou and
               Bolin Ding and
               Lei Chen and
               Jieping Ye and
               Ke Xu},
  title     = {Flexible Online Task Assignment in Real-Time Spatial Data},
  journal   = {PVLDB},
  volume    = {10},
  number    = {11},
  pages     = {1334--1345},
  year      = {2017},
}

@inproceedings{DBLP:conf/icde/TongSDWC16,
  author    = {Yongxin Tong and
               Jieying She and
               Bolin Ding and
               Libin Wang and
               Lei Chen},
  title     = {Online mobile Micro-Task Allocation in spatial crowdsourcing},
  booktitle = {ICDE},
  pages     = {49--60},
  year      = {2016},
}

@inproceedings{DBLP:conf/icde/SongTWSYCX17,
  author    = {Tianshu Song and
               Yongxin Tong and
               Libin Wang and
               Jieying She and
               Bin Yao and
               Lei Chen and
               Ke Xu},
  title     = {Trichromatic Online Matching in Real-Time Spatial Crowdsourcing},
  booktitle = {33rd {IEEE} International Conference on Data Engineering},
  pages     = {1009--1020},
  year      = {2017},
}

@article{DBLP:journals/tcs/TingX15a,
  author    = {Hing{-}Fung Ting and
               Xiangzhong Xiang},
  title     = {Near optimal algorithms for online maximum edge-weighted b-matching
               and two-sided vertex-weighted b-matching},
  journal   = {Theoretical Computer Science},
  volume    = {607},
  pages     = {247--256},
  year      = {2015}
}

@inproceedings{DBLP:conf/gis/LiZZC15,
  author    = {Yexin Li and
               Yu Zheng and
               Huichu Zhang and
               Lei Chen},
  title     = {Traffic prediction in a bike-sharing system},
  booktitle = {Proceedings of the 23rd {ACM} {SIGSPATIAL} International Conference on Advances
               in Geographic Information Systems},
  pages     = {33:1--33:10},
  year      = {2015},
}



@article{DBLP:journals/tcs/KhullerMV94,
  author    = {Samir Khuller and
               Stephen G. Mitchell and
               Vijay V. Vazirani},
  title     = {On-Line Algorithms for Weighted Bipartite Matching and Stable Marriages},
  journal   = {Theoretical Computer Science},
  volume    = {127},
  number    = {2},
  pages     = {255--267},
  year      = {1994},
}



@article{DBLP:journals/tcs/KalyanasundaramP00,
  author    = {Bala Kalyanasundaram and
               Kirk Pruhs},
  title     = {An optimal deterministic algorithm for online b-matching},
  journal   = {Theoretical Computer Science},
  volume    = {233},
  number    = {1-2},
  pages     = {319--325},
  year      = {2000},
}

@inproceedings{DBLP:conf/sigmod/LongWYJ13,
  author    = {Cheng Long and
               Raymond Chi{-}Wing Wong and
               Philip S. Yu and
               Minhao Jiang},
  title     = {On optimal worst-case matching},
  booktitle = {Proceedings of the {ACM} {SIGMOD} International Conference on Management of Data},
  pages     = {845--856},
  year      = {2013},
}

@article{gale1962college,
  title={College admissions and the stability of marriage},
  author={Gale, David and Shapley, Lloyd S},
  journal={The American Mathematical Monthly},
  volume={69},
  number={1},
  pages={9--15},
  year={1962},
  publisher={Taylor \& Francis}
}

@inproceedings{DBLP:conf/vldb/WongTFX07,
  author    = {Raymond Chi{-}Wing Wong and
               Yufei Tao and
               Ada Wai{-}Chee Fu and
               Xiaokui Xiao},
  title     = {On Efficient Spatial Matching},
  booktitle = {Proceedings of the 33rd international conference on Very large data bases},
  pages     = {579--590},
  year      = {2007},
}

@inproceedings{DBLP:conf/esa/BrubachSSX16,
  author    = {Brian Brubach and
               Karthik Abinav Sankararaman and
               Aravind Srinivasan and
               Pan Xu},
  title     = {New Algorithms, Better Bounds, and a Novel Model for Online Stochastic
               Matching},
  booktitle = {24th Annual European Symposium on Algorithms},
  pages     = {24:1--24:16},
  year      = {2016},
}

@inproceedings{DBLP:conf/soda/ManshadiGS11,
  author    = {Vahideh H. Manshadi and
               Shayan Oveis Gharan and
               Amin Saberi},
  title     = {Online Stochastic Matching: Online Actions Based on Offline Statistics},
  booktitle = {Proceedings of the 32nd Annual {ACM-SIAM} Symposium on Discrete
               Algorithms},
  pages     = {1285--1294},
  year      = {2011},
}

@article{DBLP:journals/mor/ManshadiGS12,
  author    = {Vahideh H. Manshadi and
               Shayan Oveis Gharan and
               Amin Saberi},
  title     = {Online Stochastic Matching: Online Actions Based on Offline Statistics},
  journal   = {Mathematics of Operations Research},
  volume    = {37},
  number    = {4},
  pages     = {559--573},
  year      = {2012},
}

@article{DBLP:journals/mor/JailletL14,
  author    = {Patrick Jaillet and
               Xin Lu},
  title     = {Online Stochastic Matching: New Algorithms with Better Bounds},
  journal   = {Mathematics of Operations Research},
  volume    = {39},
  number    = {3},
  pages     = {624--646},
  year      = {2014},
}

@inproceedings{DBLP:conf/esa/BahmaniK10,
  author    = {Bahman Bahmani and
               Michael Kapralov},
  title     = {Improved Bounds for Online Stochastic Matching},
  booktitle = {18th Annual European Symposium on Algorithms},
  pages     = {170--181},
  year      = {2010},
}

@inproceedings{DBLP:conf/focs/FeldmanMMM09,
  author    = {Jon Feldman and
               Aranyak Mehta and
               Vahab S. Mirrokni and
               S. Muthukrishnan},
  title     = {Online Stochastic Matching: Beating 1-1/e},
  booktitle = {50th Annual {IEEE} Symposium on Foundations of Computer Science},
  pages     = {117--126},
  year      = {2009}
}

@article{ferguson1989solved,
  title={Who solved the secretary problem?},
  author={Ferguson, Thomas S and others},
  journal={Statistical science},
  volume={4},
  number={3},
  pages={282--289},
  year={1989},
  publisher={Institute of Mathematical Statistics}
}

@inproceedings{DBLP:conf/icalp/KorulaP09,
  author    = {Nitish Korula and
               Martin P{\'{a}}l},
  title     = {Algorithms for Secretary Problems on Graphs and Hypergraphs},
  booktitle = {36th International Colloquium on Automata, Languages, and Programming},
  pages     = {508--520},
  year      = {2009},
}

@inproceedings{DBLP:conf/esa/KesselheimRTV13,
  author    = {Thomas Kesselheim and
               Klaus Radke and
               Andreas T{\"{o}}nnis and
               Berthold V{\"{o}}cking},
  title     = {An Optimal Online Algorithm for Weighted Bipartite Matching and Extensions
               to Combinatorial Auctions},
  booktitle = {21st Annual European Symposium on Algorithms},
  pages     = {589--600},
  year      = {2013},
}

@article{DBLP:journals/jacm/MehtaSVV07,
  author    = {Aranyak Mehta and
               Amin Saberi and
               Umesh V. Vazirani and
               Vijay V. Vazirani},
  title     = {AdWords and generalized online matching},
  journal   = {Journal of the {ACM}},
  volume    = {54},
  number    = {5},
  pages     = {22},
  year      = {2007},
}

@inproceedings{DBLP:conf/soda/GoelM08,
  author    = {Gagan Goel and
               Aranyak Mehta},
  title     = {Online budgeted matching in random input models with applications
               to Adwords},
  booktitle = {Proceedings of the 19th Annual {ACM-SIAM} Symposium on Discrete
               Algorithms},
  pages     = {982--991},
  year      = {2008},
}

@inproceedings{DBLP:conf/stoc/KarpVV90,
  author    = {Richard M. Karp and
               Umesh V. Vazirani and
               Vijay V. Vazirani},
  title     = {An Optimal Algorithm for On-line Bipartite Matching},
  booktitle = {STOC},
  pages     = {352--358},
  year      = {1990},
}

@inproceedings{DBLP:conf/esa/BansalBGN07,
  author    = {Nikhil Bansal and
               Niv Buchbinder and
               Anupam Gupta and
               Joseph Naor},
  title     = {An \emph{O} (log\({}^{\mbox{2}}\) \emph{k} )-Competitive Algorithm
               for Metric Bipartite Matching},
  booktitle = {15th Annual European Symposium on Algorithms},
  pages     = {522--533},
  year      = {2007}
}

@inproceedings{DBLP:conf/www/LiCLS10,
  author    = {Lihong Li and
               Wei Chu and
               John Langford and
               Robert E. Schapire},
  title     = {A contextual-bandit approach to personalized news article recommendation},
  booktitle = {Proceedings of the 19th International Conference on World Wide Web},
  pages     = {661--670},
  year      = {2010},
}

@incollection{robbins1985some,
  title={Some aspects of the sequential design of experiments},
  author={Robbins, Herbert},
  booktitle={Herbert Robbins Selected Papers},
  pages={169--177},
  year={1985},
  publisher={Springer}
}

@inproceedings{DBLP:conf/uic/HassanC14,
  author    = {Umair ul Hassan and
               Edward Curry},
  title     = {A Multi-armed Bandit Approach to Online Spatial Task Assignment},
  booktitle = {UIC},
  pages     = {212--219},
  year      = {2014}
}

@inproceedings{DBLP:conf/icalp/0002TWZ18,
  author    = {Zhiyi Huang and
               Zhihao Gavin Tang and
               Xiaowei Wu and
               Yuhao Zhang},
  title     = {Online Vertex-Weighted Bipartite Matching: Beating 1-1/e with Random
               Arrivals},
  booktitle = {45th International Colloquium on Automata, Languages, and Programming},
  pages     = {79:1--79:14},
  year      = {2018},
}

@inproceedings{DBLP:conf/soda/DevanurJK13,
  author    = {Nikhil R. Devanur and
               Kamal Jain and
               Robert D. Kleinberg},
  title     = {Randomized Primal-Dual analysis of {RANKING} for Online BiPartite
               Matching},
  booktitle = {Proceedings of the 24th Annual {ACM-SIAM} Symposium on Discrete
               Algorithms},
  pages     = {101--107},
  year      = {2013},
}


@inproceedings{DBLP:conf/stoc/0002KTWZZ18,
  author    = {Zhiyi Huang and
               Ning Kang and
               Zhihao Gavin Tang and
               Xiaowei Wu and
               Yuhao Zhang and
               Xue Zhu},
  title     = {How to match when all vertices arrive online},
  booktitle = {Proceedings of the 50th Annual {ACM} {SIGACT} Symposium on Theory
               of Computing},
  pages     = {17--29},
  year      = {2018},
}

@article{DBLP:journals/sigact/BirnbaumM08,
  author    = {Benjamin E. Birnbaum and
               Claire Mathieu},
  title     = {On-line bipartite matching made simple},
  journal   = {{SIGACT} News},
  volume    = {39},
  number    = {1},
  pages     = {80--87},
  year      = {2008},
}

@inproceedings{DBLP:conf/icalp/WangW15,
  author    = {Yajun Wang and
               Sam Chiu{-}wai Wong},
  title     = {Two-sided Online Bipartite Matching and Vertex Cover: Beating the
               Greedy Algorithm},
  booktitle = {42nd International Colloquium on Automata, Languages, and Programming},
  pages     = {1070--1081},
  year      = {2015},
}

@inproceedings{DBLP:conf/icde/ChengLCS17,
  author    = {Peng Cheng and
               Xiang Lian and
               Lei Chen and
               Cyrus Shahabi},
  title     = {Prediction-Based Task Assignment in Spatial Crowdsourcing},
  booktitle = {33rd {IEEE} International Conference on Data Engineering},
  pages     = {997--1008},
  year      = {2017},
}

@inproceedings{DBLP:conf/waim/GaoTSSCX16,
  author    = {Dawei Gao and
               Yongxin Tong and
               Jieying She and
               Tianshu Song and
               Lei Chen and
               Ke Xu},
  title     = {Top-k Team Recommendation in Spatial Crowdsourcing},
  booktitle = {17th International Conference on Web-Age Information Management},
  pages     = {191--204},
  year      = {2016},
}

@article{DBLP:journals/pvldb/TongSDCWX16,
  author    = {Yongxin Tong and
               Jieying She and
               Bolin Ding and
               Lei Chen and
               Tianyu Wo and
               Ke Xu},
  title     = {Online Minimum Matching in Real-Time Spatial Data: Experiments and
               Analysis},
  journal   = {PVLDB},
  volume    = {9},
  number    = {12},
  pages     = {1053--1064},
  year      = {2016},
}


@inproceedings{DBLP:conf/apweb/GaoTJX17,
  author    = {Dawei Gao and
               Yongxin Tong and
               Yudian Ji and
               Ke Xu},
  title     = {Team-Oriented Task Planning in Spatial Crowdsourcing},
  booktitle = {{Asia-Pacific} Web {(APWeb)} and {Web-Age} Information Management {(WAIM)} Joint Conference on Web and Big Data},
  pages     = {41--56},
  year      = {2017},
}

@inproceedings{DBLP:conf/gis/KazemiS12,
  author    = {Leyla Kazemi and
               Cyrus Shahabi},
  title     = {GeoCrowd: enabling query answering with spatial crowdsourcing},
  booktitle = {GIS},
  pages     = {189--198},
  year      = {2012},
}

  
@article{ford1956maximal,
  title={Maximal flow through a network},
  author={Ford, Lester R and Fulkerson, Delbert R},
  journal={Canadian journal of Mathematics},
  volume={8},
  number={3},
  pages={399--404},
  year={1956}
}

# other parts
@book{burkard2012assignment,
  title={Assignment problems, revised reprint},
  author={Burkard, Rainer and Dell'Amico, Mauro and Martello, Silvano},
  volume={106},
  year={2012},
  publisher={Siam}
}

@inproceedings{DBLP:conf/icde/ZengTCZ18,
  author    = {Yuxiang Zeng and
               Yongxin Tong and
               Lei Chen and
               Zimu Zhou},
  title     = {Latency-Oriented Task Completion via Spatial Crowdsourcing},
  booktitle = {ICDE},
  pages     = {317--328},
  year      = {2018},
}

@inproceedings{DBLP:conf/sigmod/TongWZCDY18,
  author    = {Yongxin Tong and
               Libin Wang and
               Zimu Zhou and
               Lei Chen and
               Bowen Du and
               Jieping Ye},
  title     = {Dynamic Pricing in Spatial Crowdsourcing: {A} Matching-Based Approach},
  booktitle = {Proceedings of the {ACM} {SIGMOD} International Conference on Management of Data},
  pages     = {773--788},
  year      = {2018},
}


@inproceedings{DBLP:conf/soda/AggarwalGKM11,
  author    = {Gagan Aggarwal and
               Gagan Goel and
               Chinmay Karande and
               Aranyak Mehta},
  title     = {Online Vertex-Weighted Bipartite Matching and Single-bid Budgeted
               Allocations},
  booktitle = {Proceedings of the 22nd Annual {ACM-SIAM} Symposium on Discrete
               Algorithms},
  pages     = {1253--1264},
  year      = {2011},
}

@article{DBLP:journals/algorithmica/BansalBGN14,
  author    = {Nikhil Bansal and
               Niv Buchbinder and
               Anupam Gupta and
               Joseph Naor},
  title     = {A Randomized O(log2 k)-Competitive Algorithm for Metric Bipartite
               Matching},
  journal   = {Algorithmica},
  volume    = {68},
  number    = {2},
  pages     = {390--403},
  year      = {2014},
}



@article{DBLP:journals/eor/VansteenwegenSO11,
  author    = {Pieter Vansteenwegen and
               Wouter Souffriau and
               Dirk Van Oudheusden},
  title     = {The orienteering problem: {A} survey},
  journal   = {European Journal of Operational Research},
  volume    = {209},
  number    = {1},
  pages     = {1--10},
  year      = {2011},
}

@article{DBLP:journals/csur/Bar-YehudaBFR04,
  author    = {Reuven Bar{-}Yehuda and
               Keren Bendel and
               Ari Freund and
               Dror Rawitz},
  title     = {Local ratio: {A} unified framework for approxmation algrithms},
  journal   = {{ACM} Computing Surveys},
  volume    = {36},
  number    = {4},
  pages     = {422--463},
  year      = {2004},
}


%%%%% ridesharing
@article{DBLP:journals/pvldb/TongZZCYX18,
  author    = {Yongxin Tong and
               Yuxiang Zeng and
               Zimu Zhou and
               Lei Chen and
               Jieping Ye and
               Ke Xu},
  title     = {A Unified Approach to Route Planning for Shared Mobility},
  journal   = {PVLDB},
  volume    = {11},
  number    = {11},
  pages     = {1633--1646},
  year      = {2018},
}

@inproceedings{DBLP:conf/gis/AsghariDSDL16,
  author    = {Mohammad Asghari and
               Dingxiong Deng and
               Cyrus Shahabi and
               Ugur Demiryurek and
               Yaguang Li},
  title     = {Price-aware real-time ride-sharing at scale: an auction-based approach},
  booktitle = {Proceedings of the 24th {ACM} {SIGSPATIAL} International Conference
               on Advances in Geographic Information Systems},
  pages     = {3:1--3:10},
  year      = {2016},
}

@inproceedings{DBLP:conf/icde/ChenZXGJJ18,
  author    = {Lu Chen and
               Qilu Zhong and
               Xiaokui Xiao and
               Yunjun Gao and
               Pengfei Jin and
               Christian S. Jensen},
  title     = {Price-and-Time-Aware Dynamic Ridesharing},
  booktitle = {34th {IEEE} International Conference on Data Engineering},
  pages     = {1061--1072},
  year      = {2018},
}

@inproceedings{DBLP:conf/icde/MaZW13,
  author    = {Shuo Ma and
               Yu Zheng and
               Ouri Wolfson},
  title     = {T-share: {A} large-scale dynamic taxi ridesharing service},
  booktitle = {29th {IEEE} International Conference on Data Engineering},
  pages     = {410--421},
  year      = {2013},
}

@article{DBLP:journals/pvldb/HuangBJW14,
  author    = {Yan Huang and
               Favyen Bastani and
               Ruoming Jin and
               Xiaoyang Sean Wang},
  title     = {Large Scale Real-time Ridesharing with Service Guarantee on Road Networks},
  journal   = {PVLDB},
  volume    = {7},
  number    = {14},
  pages     = {2017--2028},
  year      = {2014},
}

@inproceedings{DBLP:conf/sigmod/ChengX017,
  author    = {Peng Cheng and
               Hao Xin and
               Lei Chen},
  title     = {Utility-Aware Ridesharing on Road Networks},
  booktitle = {Proceedings of the {ACM} {SIGMOD} International Conference on Management of Data},
  pages     = {1197--1210},
  year      = {2017},
}

@article{DBLP:journals/pvldb/Zheng0Y18,
  author    = {Libin Zheng and
               Lei Chen and
               Jieping Ye},
  title     = {Order Dispatch in Price-aware Ridesharing},
  journal   = {PVLDB},
  volume    = {11},
  number    = {8},
  pages     = {853--865},
  year      = {2018},
}

@book{DBLP:books/daglib/0069809,
  author    = {Ravindra K. Ahuja and
               Thomas L. Magnanti and
               James B. Orlin},
  title     = {Network flows - theory, algorithms and applications},
  publisher = {Prentice Hall},
  year      = {1993},
}


@article{DBLP:journals/jal/KalyanasundaramP93,
  author    = {Bala Kalyanasundaram and
               Kirk Pruhs},
  title     = {Online Weighted Matching},
  journal   = {Journal of Algorithms},
  volume    = {14},
  number    = {3},
  pages     = {478--488},
  year      = {1993}
}

@inproceedings{DBLP:conf/soda/MeyersonNP06,
  author    = {Adam Meyerson and
               Akash Nanavati and
               Laura J. Poplawski},
  title     = {Randomized online algorithms for minimum metric bipartite matching},
  booktitle = {Proceedings of the 17th Annual {ACM-SIAM} Symposium on Discrete
               Algorithms},
  pages     = {954--959},
  year      = {2006}
}


@article{DBLP:journals/tmc/XiaoWHCW17,
  author    = {Mingjun Xiao and
               Jie Wu and
               Liusheng Huang and
               Ruhong Cheng and
               Yunsheng Wang},
  title     = {Online Task Assignment for Crowdsensing in Predictable Mobile Social
               Networks},
  journal   = {{IEEE} Transactions on Mobile Computing},
  volume    = {16},
  number    = {8},
  pages     = {2306--2320},
  year      = {2017}
}



@book{DBLP:books/daglib/0030297,
  author    = {David P. Williamson and
               David B. Shmoys},
  title     = {The Design of Approximation Algorithms},
  publisher = {Cambridge University Press},
  year      = {2011}
}

@article{DBLP:journals/networks/Derigs81,
  author    = {Ulrich Derigs},
  title     = {A shortest augmenting path method for solving minimal perfect matching
               problems},
  journal   = {Networks},
  volume    = {11},
  number    = {4},
  pages     = {379--390},
  year      = {1981}
}



@inproceedings{DBLP:conf/aaai/BeiZ18,
  author    = {Xiaohui Bei and
               Shengyu Zhang},
  title     = {Algorithms for Trip-Vehicle Assignment in Ride-Sharing},
  booktitle = {Proceedings of the 32nd {AAAI} Conference on Artificial Intelligence},
  pages     = {3--9},
  year      = {2018},
}

@inproceedings{DBLP:conf/www/DasGKPS18,
  author    = {Abhimanyu Das and
               Sreenivas Gollapudi and
               Anthony Kim and
               Debmalya Panigrahi and
               Chaitanya Swamy},
  title     = {Minimizing Latency in Online Ride and Delivery Services},
  booktitle = {Proceedings of the 27th International Conference on World Wide Web},
  pages     = {379--388},
  year      = {2018},
}

@article{DBLP:journals/www/TongSM16,
  author    = {Yongxin Tong and
               Jieying She and
               Rui Meng},
  title     = {Bottleneck-aware arrangement over event-based social networks: the
               max-min approach},
  journal   = {World Wide Web},
  volume    = {19},
  number    = {6},
  pages     = {1151--1177},
  year      = {2016},
}

@inproceedings{DBLP:conf/mobicom/LiuGDYZC17,
  author    = {Yan Liu and
               Bin Guo and
               He Du and
               Zhiwen Yu and
               Daqing Zhang and
               Chao Chen},
  title     = {FooDNet: Optimized On Demand Take-out Food Delivery using
               Spatial Crowdsourcing},
  booktitle = {Proceedings of the 23rd Annual International Conference on Mobile
               Computing and Networking},
  pages     = {564--566},
  year      = {2017},
}

@inproceedings{DBLP:conf/sigmod/UYMM08,
  author    = {Leong Hou U and
               Man Lung Yiu and
               Kyriakos Mouratidis and
               Nikos Mamoulis},
  title     = {Capacity constrained assignment in spatial databases},
  booktitle = {Proceedings of the {ACM} {SIGMOD} International Conference on Management of Data},
  pages     = {15--28},
  year      = {2008},
}

@book{DBLP:books/fm/GareyJ79,
  author    = {M. R. Garey and
               David S. Johnson},
  title     = {Computers and Intractability: {A} Guide to the Theory of NP-Completeness},
  publisher = {W. H. Freeman},
  year      = {1979},
}

@article{DBLP:journals/geoinformatica/DengSDZ16,
  author    = {Dingxiong Deng and
               Cyrus Shahabi and
               Ugur Demiryurek and
               Linhong Zhu},
  title     = {Task selection in spatial crowdsourcing from worker's perspective},
  journal   = {{GeoInformatica}},
  volume    = {20},
  number    = {3},
  pages     = {529--568},
  year      = {2016},
}


@inproceedings{DBLP:conf/sigmod/SheT015,
  author    = {Jieying She and
               Yongxin Tong and
               Lei Chen},
  title     = {Utility-Aware Social Event-Participant Planning},
  booktitle = {Proceedings of the {ACM} {SIGMOD} International Conference on Management of Data},
  pages     = {1629--1643},
  year      = {2015},
}

@inproceedings{DBLP:conf/infocom/HeSZC14,
  author    = {Shibo He and
               Dong{-}Hoon Shin and
               Junshan Zhang and
               Jiming Chen},
  title     = {Toward optimal allocation of location dependent tasks in crowdsensing},
  booktitle = {2014 {IEEE} Conference on Computer Communications},
  pages     = {745--753},
  year      = {2014},
}

@book{DBLP:books/daglib/0022248,
  author    = {Rainer E. Burkard and
               Mauro Dell'Amico and
               Silvano Martello},
  title     = {Assignment Problems},
  publisher = {Proceedings of the 28th Annual {ACM-SIAM} Symposium on Discrete
               Algorithms},
  year      = {2009},
}

@inproceedings{DBLP:conf/gis/CostaN18,
  author    = {Camila F. Costa and
               Mario A. Nascimento},
  title     = {In-route task selection in crowdsourcing},
  booktitle = {Proceedings of the 26th {ACM} {SIGSPATIAL} International Conference
               on Advances in Geographic Information Systems},
  pages     = {524--527},
  year      = {2018},
}


@inproceedings{she2015conflict,
  title={Conflict-aware event-participant arrangement},
  author={She, Jieying and Tong, Yongxin and Chen, Lei and Cao, Caleb Chen},
  booktitle={IEEE 31st International Conference on Data Engineering},
  pages={735--746},
  year={2015},
}



%TKDE 16
@article{she2016conflict,
  title={Conflict-aware event-participant arrangement and its variant for online setting},
  author={She, Jieying and Tong, Yongxin and Chen, Lei and Cao, Caleb Chen},
  journal={IEEE TKDE},
  volume={28},
  number={9},
  pages={2281--2295},
  year={2016},
}

%TSAS 15
@article{to2015server,
  title={A server-assigned spatial crowdsourcing framework},
  author={To, Hien and Shahabi, Cyrus and Kazemi, Leyla},
  journal={ACM Transactions on Spatial Algorithms and Systems},
  volume={1},
  number={1},
  pages={2},
  year={2015},
}

%VLDB 18
@article{cheng2018experimental,
  title={An experimental evaluation of task assignment in spatial crowdsourcing},
  author={Cheng, Peng and Jian, Xun and Chen, Lei},
  journal={PVLDB},
  volume={11},
  number={11},
  pages={1428--1440},
  year={2018},
}

%PerCom 16
@inproceedings{to2016real,
  title={Real-time task assignment in hyperlocal spatial crowdsourcing under budget constraints},
  author={To, Hien and Fan, Liyue and Tran, Luan and Shahabi, Cyrus},
  booktitle={PerCom},
  pages={1--8},
  year={2016},
}



@inproceedings{DBLP:conf/ssd/LiYX15,
  author    = {Yu Li and
               Man Lung Yiu and
               Wenjian Xu},
  title     = {Oriented Online Route Recommendation for Spatial Crowdsourcing Task
               Workers},
  booktitle = {Advances in Spatial and Temporal Databases - 14th International Symposium},
  pages     = {137--156},
  year      = {2015},
}



%dawei

@inproceedings{DBLP:conf/gis/KazemiSC13,
  author    = {Leyla Kazemi and
               Cyrus Shahabi and
               Lei Chen},
  title     = {GeoTruCrowd: trustworthy query answering with spatial crowdsourcing},
  booktitle = {Proceedings of the 21st {ACM} {SIGSPATIAL} International Conference on Advances in Geographic
               Information Systems},
  pages     = {304--313},
  year      = {2013},
}

@inproceedings{DBLP:conf/icwsm/HechtS14,
  author    = {Brent J. Hecht and
               Monica Stephens},
  title     = {A Tale of Cities: Urban Biases in Volunteered Geographic Information},
  booktitle = {Proceedings of the 8th International Conference on Weblogs and
               Social Media},
  year      = {2014},
}

@inproceedings{DBLP:conf/cscw/TeodoroONML14,
  author    = {Rannie Teodoro and
               Pinar {\"{O}}zt{\"{u}}rk and
               Mor Naaman and
               Winter A. Mason and
               Janne Lindqvist},
  title     = {The motivations and experiences of the on-demand mobile workforce},
  booktitle = {Proceedings of the 17th ACM conference on Computer supported cooperative work \& social computing},
  pages     = {236--247},
  year      = {2014},
}

@article{DBLP:journals/pvldb/ChengLCF0HZ15,
  author    = {Peng Cheng and
               Xiang Lian and
               Zhao Chen and
               Rui Fu and
               Lei Chen and
               Jinsong Han and
               Jizhong Zhao},
  title     = {Reliable Diversity-Based Spatial Crowdsourcing by Moving Workers},
  journal   = {PVLDB},
  volume    = {8},
  number    = {10},
  pages     = {1022--1033},
  year      = {2015},
}

@inproceedings{DBLP:conf/cscw/Thebault-Spieker15,
  author    = {Jacob Thebault{-}Spieker and
               Loren G. Terveen and
               Brent J. Hecht},
  title     = {Avoiding the South Side and the Suburbs: The Geography of Mobile Crowdsourcing
               Markets},
  booktitle = {Proceedings of the 18th {ACM} Conference on Computer Supported Cooperative
               Work {\&} Social Computing},
  pages     = {265--275},
  year      = {2015},
}

@inproceedings{DBLP:conf/huc/KandappuJTMCCLC16,
  author    = {Thivya Kandappu and
               Nikita Jaiman and
               Randy Tandriansyah and
               Archan Misra and
               Shih{-}Fen Cheng and
               Cen Chen and
               Hoong Chuin Lau and
               Deepthi Chander and
               Koustuv Dasgupta},
  title     = {TASKer: behavioral insights via campus-based experimental mobile crowd-sourcing},
  booktitle = {Proceedings of the 2016 {ACM} International Joint Conference on Pervasive
               and Ubiquitous Computing},
  pages     = {392--402},
  year      = {2016},
}


@inproceedings{DBLP:conf/chi/CaiIT16,
  author    = {Carrie J. Cai and
               Shamsi T. Iqbal and
               Jaime Teevan},
  title     = {Chain Reactions: The Impact of Order on Microtask Chains},
  booktitle = {Proceedings of the 2016 {CHI} Conference on Human Factors in Computing
               Systems},
  pages     = {3143--3154},
  year      = {2016},
}

@article{DBLP:journals/tkde/OuyangSTN16,
  author    = {Wentao Robin Ouyang and
               Mani B. Srivastava and
               Alice Toniolo and
               Timothy J. Norman},
  title     = {Truth Discovery in Crowdsourced Detection of Spatial Events},
  journal   = {{IEEE} Transactions on Knowledge and Data Engineering},
  volume    = {28},
  number    = {4},
  pages     = {1047--1060},
  year      = {2016},
}



@article{DBLP:journals/tkde/ZhengC17,
  author    = {Libin Zheng and
               Lei Chen},
  title     = {Maximizing Acceptance in Rejection-Aware Spatial Crowdsourcing},
  journal   = {{IEEE} TKDE},
  volume    = {29},
  number    = {9},
  pages     = {1943--1956},
  year      = {2017},
}

@inproceedings{DBLP:conf/kdd/ShengPI08,
  author    = {Victor S. Sheng and
               Foster J. Provost and
               Panagiotis G. Ipeirotis},
  title     = {Get another label? improving data quality and data mining using multiple,
               noisy labelers},
  booktitle = {KDD},
  pages     = {614--622},
  year      = {2008},
}

@inproceedings{DBLP:conf/kdd/IpeirotisPW10,
  title={Quality management on amazon mechanical turk},
  author={Ipeirotis, Panagiotis G and Provost, Foster and Wang, Jing},
  booktitle={Proceedings of the ACM SIGKDD workshop on human computation},
  pages={64--67},
  year={2010},
}

@article{DBLP:journals/pvldb/LiuLOSWZ12,
  author    = {Xuan Liu and
               Meiyu Lu and
               Beng Chin Ooi and
               Yanyan Shen and
               Sai Wu and
               Meihui Zhang},
  title     = {{CDAS:} {A} Crowdsourcing Data Analytics System},
  journal   = {PVLDB},
  volume    = {5},
  number    = {10},
  pages     = {1040--1051},
  year      = {2012},
}

@article{DBLP:journals/pvldb/CaoSTC12,
  author    = {Caleb Chen Cao and
               Jieying She and
               Yongxin Tong and
               Lei Chen},
  title     = {Whom to Ask? Jury Selection for Decision Making Tasks on Micro-blog
               Services},
  journal   = {PVLDB},
  volume    = {5},
  number    = {11},
  pages     = {1495--1506},
  year      = {2012},
}

@article{DBLP:journals/jmlr/RaykarY12,
  author    = {Vikas C. Raykar and
               Shipeng Yu},
  title     = {Eliminating Spammers and Ranking Annotators for Crowdsourced Labeling
               Tasks},
  journal   = {Journal of Machine Learning Research},
  volume    = {13},
  pages     = {491--518},
  year      = {2012},
}

@inproceedings{DBLP:conf/kdd/CaoTCJ13,
  author    = {Caleb Chen Cao and
               Yongxin Tong and
               Lei Chen and
               H. V. Jagadish},
  title     = {WiseMarket: a new paradigm for managing wisdom of online social users},
  booktitle = {KDD},
  pages     = {455--463},
  year      = {2013},
}

@inproceedings{DBLP:conf/www/DalviDKR13,
  author    = {Nilesh N. Dalvi and
               Anirban Dasgupta and
               Ravi Kumar and
               Vibhor Rastogi},
  title     = {Aggregating crowdsourced binary ratings},
  booktitle = {Proceedings of the 22nd International Conference on World Wide Web},
  pages     = {285--294},
  year      = {2013},
}

@inproceedings{DBLP:conf/hcomp/YinC16,
  author    = {Ming Yin and
               Yiling Chen},
  title     = {Predicting Crowd Work Quality under Monetary Interventions},
  booktitle = {Proceedings of the 4th {AAAI} Conference on Human Computation and
               Crowdsourcing},
  pages     = {259},
  year      = {2016},
}


@article{DBLP:journals/tkde/LiWZF16,
  author    = {Guoliang Li and
               Jiannan Wang and
               Yudian Zheng and
               Michael J. Franklin},
  title     = {Crowdsourced Data Management: {A} Survey},
  journal   = {{IEEE} TKDE},
  volume    = {28},
  number    = {9},
  pages     = {2296--2319},
  year      = {2016},
}

@article{DBLP:journals/pvldb/ZhengLLSC17,
  author    = {Yudian Zheng and
               Guoliang Li and
               Yuanbing Li and
               Caihua Shan and
               Reynold Cheng},
  title     = {Truth Inference in Crowdsourcing: Is the Problem Solved?},
  journal   = {PVLDB},
  volume    = {10},
  number    = {5},
  pages     = {541--552},
  year      = {2017},
}

@inproceedings{DBLP:conf/icde/HuLBCF16,
  author    = {Huiqi Hu and
               Guoliang Li and
               Zhifeng Bao and
               Yan Cui and
               Jianhua Feng},
  title     = {Crowdsourcing-based real-time urban traffic speed estimation: From
               trends to speeds},
  booktitle = {32nd {IEEE} International Conference on Data Engineering},
  pages     = {883--894},
  year      = {2016},
}


@article{DBLP:conf/vldb/Garcia-UlloaXS17,
  author    = {Daniel A. Garcia{-}Ulloa and
               Li Xiong and
               Vaidy S. Sunderam},
  title     = {Truth Discovery for SpatioTemporal Events from Crowdsourced Data},
  journal   = {PVLDB},
  volume    = {10},
  number    = {11},
  pages     = {1562--1573},
  year      = {2017},
}

@inproceedings{DBLP:conf/icde/HuZBLFC16,
    author    = {Huiqi Hu and
    Yudian Zheng and
    Zhifeng Bao and
    Guoliang Li and
    Jianhua Feng and
    Reynold Cheng},
    title     = {Crowdsourced {POI} labelling: Location-aware result inference and
    Task Assignment},
    booktitle = {32nd {IEEE} International Conference on Data Engineering},
    pages     = {61--72},
    year      = {2016}
}

%hao

@inproceedings{DBLP:conf/sigmod/Guttman84,
  author    = {Antonin Guttman},
  title     = {R-Trees: {A} Dynamic Index Structure for Spatial Searching},
  booktitle = {Proceedings of the {ACM} {SIGMOD} International Conference on Management of Data},
  pages     = {47--57},
  year      = {1984},
}

@article{DBLP:journals/csur/Samet84,
  author    = {Hanan Samet},
  title     = {The Quadtree and Related Hierarchical Data Structures},
  journal   = {{ACM} Computing Surveys},
  volume    = {16},
  number    = {2},
  pages     = {187--260},
  year      = {1984},
}

@article{DBLP:journals/cacm/Bentley75,
  author    = {Jon Louis Bentley},
  title     = {Multidimensional Binary Search Trees Used for Associative Searching},
  journal   = {Communications of the {ACM}},
  volume    = {18},
  number    = {9},
  pages     = {509--517},
  year      = {1975},
}

@inproceedings{DBLP:conf/icmcs/TheodoridisVS96,
  author    = {Yannis Theodoridis and
               Michalis Vazirgiannis and
               Timos K. Sellis},
  title     = {Spatio-Temporal Indexing for Large Multimedia Applications},
  booktitle = {Proceedings of the {IEEE} International Conference on Multimedia Computing
               and Systems},
  pages     = {441--448},
  year      = {1996},
}

@inproceedings{DBLP:conf/sac/NascimentoS98,
  author    = {Mario A. Nascimento and
               Jefferson R. O. Silva},
  title     = {Towards historical R-trees},
  booktitle = {Proceedings of the 1998 {ACM} symposium on Applied Computing},
  pages     = {235--240},
  year      = {1998},
}

@inproceedings{DBLP:conf/sigmod/SaltenisJLL00,
  author    = {Simonas Saltenis and
               Christian S. Jensen and
               Scott T. Leutenegger and
               Mario A. L{\'{o}}pez},
  title     = {Indexing the Positions of Continuously Moving Objects},
  booktitle = {Proceedings of the {ACM} {SIGMOD} International Conference on Management of Data},
  pages     = {331--342},
  year      = {2000},
}

@inproceedings{DBLP:conf/percom/ToADS16,
  author    = {Hien To and
               Mohammad Asghari and
               Dingxiong Deng and
               Cyrus Shahabi},
  title     = {{SCAWG:} {A} toolbox for generating synthetic workload for spatial
               crowdsourcing},
  booktitle = {2016 {IEEE} International Conference on Pervasive Computing and Communication
               Workshops},
  pages     = {1--6},
  year      = {2016},
}

@article{DBLP:journals/pvldb/ChenFZLXCCCTZ14,
  author    = {Zhao Chen and
               Rui Fu and
               Ziyuan Zhao and
               Zheng Liu and
               Leihao Xia and
               Lei Chen and
               Peng Cheng and
               Caleb Chen Cao and
               Yongxin Tong and
               Chen Jason Zhang},
  title     = {{gMission}: A General Spatial Crowdsourcing Platform},
  journal   = {PVLDB},
  volume    = {7},
  number    = {13},
  pages     = {1629--1632},
  year      = {2014},
}

%taoqian
@article{icst15incentive-sensing,
  author    = {Hui Gao and
               Chi Harold Liu and
               Wendong Wang and
               Jianxin R. Zhao and
               Zheng Song and
               Xin Su and
               Jon Crowcroft and
               Kin K. Leung},
  title     = {A Survey of Incentive Mechanisms for Participatory Sensing},
  journal   = {{IEEE} Communications Surveys and Tutorials},
  volume    = {17},
  number    = {2},
  pages     = {918--943},
  year      = {2015},
}

@article{icst16incentive-sensing,
  author    = {Xinglin Zhang and
               Zheng Yang and
               Wei Sun and
               Yunhao Liu and
               Shaohua Tang and
               Kai Xing and
               XuFei Mao},
  title     = {Incentives for Mobile Crowd Sensing: {A} Survey},
  journal   = {{IEEE} Communications Surveys and Tutorials},
  volume    = {18},
  number    = {1},
  pages     = {54--67},
  year      = {2016},
}

@article{humancs17gamified,
  author    = {Benedikt Morschheuser and
               Juho Hamari and
               Jonna Koivisto and
               Alexander Maedche},
  title     = {Gamified crowdsourcing: Conceptualization, literature review, and
               future agenda},
  journal   = {International Journal of Human-Computer Studies},
  volume    = {106},
  pages     = {26--43},
  year      = {2017},
}

@inproceedings{mobicom12crowdsourcing2smartphones,
  author    = {Dejun Yang and
               Guoliang Xue and
               Xi Fang and
               Jian Tang},
  title     = {Crowdsourcing to smartphones: incentive mechanism design for mobile
               phone sensing},
  booktitle = {The 18th Annual International Conference on Mobile Computing and Networking,
               },
  pages     = {173--184},
  year      = {2012},
}

@inproceedings{infocom13optimal-incentive,
  author    = {Iordanis Koutsopoulos},
  title     = {Optimal incentive-driven design of participatory sensing systems},
  booktitle = {Proceedings of the {IEEE} Conference on Computer Communications},
  pages     = {1402--1410},
  year      = {2013},
}

@inproceedings{hcomp13incentives-privacy,
  author    = {Adish Singla and
               Andreas Krause},
  title     = {Incentives for Privacy Tradeoff in Community Sensing},
  booktitle = {Proceedings of the 1st {AAAI} Conference on Human Computation and
               Crowdsourcing},
  year      = {2013},
}

@inproceedings{infocom14how-to-crowdsource,
  author    = {Dong Zhao and
               Xiang{-}Yang Li and
               Huadong Ma},
  title     = {How to crowdsource tasks truthfully without sacrificing utility: Online
               incentive mechanisms with budget constraint},
  booktitle = {Proceedings of the {IEEE} Conference on Computer Communications},
  pages     = {1213--1221},
  year      = {2014},
}

@article{tpds14free-market,
  author    = {Xinglin Zhang and
               Zheng Yang and
               Zimu Zhou and
               Haibin Cai and
               Lei Chen and
               Xiangyang Li},
  title     = {Free Market of Crowdsourcing: Incentive Mechanism Design for Mobile
               Sensing},
  journal   = {{IEEE} Transactions on Parallel and Distributed Systems},
  volume    = {25},
  number    = {12},
  pages     = {3190--3200},
  year      = {2014},
}

@article{kdd09financial-incentives,
  author    = {Winter A. Mason and
               Duncan J. Watts},
  title     = {Financial incentives and the "performance of crowds"},
  journal   = {{SIGKDD} Explorations},
  volume    = {11},
  number    = {2},
  pages     = {100--108},
  year      = {2009},
}

@inproceedings{ec10labor-economics,
  author    = {John Joseph Horton and
               Lydia B. Chilton},
  title     = {The labor economics of paid crowdsourcing},
  booktitle = {Proceedings 11th {ACM} Conference on Electronic Commerce },
  pages     = {209--218},
  year      = {2010},
}

@inproceedings{www13pricing-mechanisms,
  author    = {Yaron Singer and
               Manas Mittal},
  title     = {Pricing mechanisms for crowdsourcing markets},
  booktitle = {Proceedings of the 22nd International Conference on World Wide Web},
  pages     = {1157--1166},
  year      = {2013},
}
@inproceedings{www13truthful-incentives,
  author    = {Adish Singla and
               Andreas Krause},
  title     = {Truthful incentives in crowdsourcing tasks using regret minimization
               mechanisms},
  booktitle = {Proceedings of the 22nd International Conference on World Wide Web},
  pages     = {1167--1178},
  year      = {2013},
}

@article{vldb14finish,
  author    = {Yihan Gao and
               Aditya G. Parameswaran},
  title     = {Finish Them!: Pricing Algorithms for Human Computation},
  journal   = {PVLDB},
  volume    = {7},
  number    = {14},
  pages     = {1965--1976},
  year      = {2014},
}

@inproceedings{ijcai15bonus,
  author    = {Ming Yin and
               Yiling Chen},
  title     = {Bonus or Not? Learn to Reward in Crowdsourcing},
  booktitle = {Proceedings of the 24th International Joint Conference on
               Artificial Intelligence
               },
  pages     = {201--208},
  year      = {2015},
}

@inproceedings{www15dynamics,
  author    = {Djellel Eddine Difallah and
               Michele Catasta and
               Gianluca Demartini and
               Panagiotis G. Ipeirotis and
               Philippe Cudr{\'{e}}{-}Mauroux},
  title     = {The Dynamics of Micro-Task Crowdsourcing: The Case of Amazon MTurk},
  booktitle = {Proceedings of the 24th International Conference on World Wide Web,
              },
  pages     = {238--247},
  year      = {2015},
}

@article{jcst17budget-aware,
  author    = {Jia{-}Xu Liu and
               Yudian Ji and
               Weifeng Lv and
               Ke Xu},
  title     = {Budget-Aware Dynamic Incentive Mechanism in Spatial Crowdsourcing},
  journal   = {Journal of Computer Science and Technology},
  volume    = {32},
  number    = {5},
  pages     = {890--904},
  year      = {2017},
}

% TODO: arxiv have no bibtex

@inproceedings{gis17online-truthful,
  author    = {Mohammad Asghari and
               Cyrus Shahabi},
  title     = {An On-line Truthful and Individually Rational Pricing Mechanism for
               Ride-sharing},
  booktitle = {Proceedings of the 25th {ACM} {SIGSPATIAL} International Conference
               on Advances in Geographic Information Systems},
  pages     = {7:1--7:10},
  year      = {2017},
}



@inproceedings{infocom14trac,
  author    = {Zhenni Feng and
               Yanmin Zhu and
               Qian Zhang and
               Lionel M. Ni and
               Athanasios V. Vasilakos},
  title     = {{TRAC:} Truthful auction for location-aware collaborative sensing
               in mobile crowdsourcing},
  booktitle = {2014 {IEEE} Conference on Computer Communications},
  pages     = {1231--1239},
  year      = {2014},
}

@article{ijpeds12monetary,
  author    = {Ioannis Krontiris and
               Andreas Albers},
  title     = {Monetary incentives in participatory sensing using multi-attributive
               auctions},
  journal   = {{International Journal of Parallel, Emergent and Distributed Systems}},
  volume    = {27},
  number    = {4},
  pages     = {317--336},
  year      = {2012},
}

@inproceedings{infocom15long-term,
  author    = {Lin Gao and
               Fen Hou and
               Jianwei Huang},
  title     = {Providing long-term participation incentive in participatory sensing},
  booktitle = {Proceedings of the IEEE Conference on Computer Communications},
  pages     = {2803--2811},
  year      = {2015},
}

@inproceedings{infocom13k-anonymity,
  author    = {Dejun Yang and
               Xi Fang and
               Guoliang Xue},
  title     = {Truthful incentive mechanisms for k-anonymity location privacy},
  booktitle = {Proceedings of the {IEEE} Conference on Computer Communications},
  pages     = {2994--3002},
  year      = {2013},
}

% incentive增补：21 22 23 29 30
% 无用：22
% 24
@inproceedings{infocom12incentive,
  author    = {Lingjie Duan and
               Takeshi Kubo and
               Kohei Sugiyama and
               Jianwei Huang and
               Teruyuki Hasegawa and
               Jean C. Walrand},
  title     = {Incentive mechanisms for smartphone collaboration in data acquisition
               and distributed computing},
  booktitle = {Proceedings of the {IEEE} Conference on Computer Communications},
  pages     = {1701--1709},
  year      = {2012},
}

@inproceedings{infocom14profit-max,
  author    = {Tie Luo and
               Hwee{-}Pink Tan and
               Lirong Xia},
  title     = {Profit-maximizing incentive for participatory sensing},
  booktitle = {2014 {IEEE} Conference on Computer Communications},
  pages     = {127--135},
  year      = {2014},
}


@article{tmc2018thanos,
  title={Thanos: Incentive mechanism with quality awareness for mobile crowd sensing},
  author={Jin, Haiming and Su, Lu and Chen, Danyang and Guo, Hongpeng and Nahrstedt, Klara and Xu, Jinhui},
  journal={IEEE Transactions on Mobile Computing},
  year={2018},
  publisher={IEEE}
}

@article{ton18incentive-privacy,
  author    = {Haiming Jin and
               Lu Su and
               Houping Xiao and
               Klara Nahrstedt},
  title     = {Incentive Mechanism for Privacy-Aware Data Aggregation in Mobile Crowd
               Sensing Systems},
  journal   = {{IEEE/ACM} Transactions on Networking},
  volume    = {26},
  number    = {5},
  pages     = {2019--2032},
  year      = {2018},
}

@article{arxiv2013behavior,
  title={Behavior-based online incentive mechanism for crowd sensing with budget constraints},
  author={Sun, Jiajun},
  journal={arXiv preprint arXiv:1310.5485},
  year={2013}
}

@inproceedings{www18ride-sharing-pricing,
  author    = {Mengjing Chen and
               Weiran Shen and
               Pingzhong Tang and
               Song Zuo},
  title     = {Optimal Vehicle Dispatching for Ride-sharing Platforms via Dynamic
               Pricing},
  booktitle = {Companion of the The Web Conference},
  pages     = {51--52},
  year      = {2018},
}


%tianshu
@inproceedings{mdm14,
  author    = {Layla Pournajaf and
               Li Xiong and
               Vaidy S. Sunderam and
               Slawomir Goryczka},
  title     = {Spatial Task Assignment for Crowd Sensing with Cloaked Locations},
  booktitle = {{IEEE} 15th International Conference on Mobile Data Management},
  pages     = {73--82},
  year      = {2014},
}

@inproceedings{gis15,
  author    = {Layla Pournajaf and
               Li Xiong and
               Vaidy S. Sunderam and
               Xiaofeng Xu},
  title     = {{STAC:} spatial task assignment for crowd sensing with cloaked participant
               locations},
  booktitle = {Proceedings of the 23rd {ACM} {SIGSPATIAL} International Conference on Advances
               in Geographic Information Systems},
  pages     = {90:1--90:4},
  year      = {2015},
}


@inproceedings{ccs15,
  author    = {Yonghui Xiao and
               Li Xiong},
  title     = {Protecting Locations with Differential Privacy under Temporal Correlations},
  booktitle = {Proceedings of the 22nd {ACM} {SIGSAC} Conference on Computer and
               Communications Security},
  pages     = {1298--1309},
  year      = {2015},
}

@inproceedings{ccs16,
  author    = {Xiaocong Jin and
               Rui Zhang and
               Yimin Chen and
               Tao Li and
               Yanchao Zhang},
  title     = {DPSense: Differentially Private Crowdsourced Spectrum Sensing},
  booktitle = {CCS},
  pages     = {296--307},
  year      = {2016},
}

@inproceedings{icde12psd,
  author    = {Graham Cormode and
               Cecilia M. Procopiuc and
               Divesh Srivastava and
               Entong Shen and
               Ting Yu},
  title     = {Differentially Private Spatial Decompositions},
  booktitle = {{IEEE} 28th International Conference on Data Engineering},
  pages     = {20--31},
  year      = {2012},
}

@inproceedings{edbt17,
  author    = {Bozhong Liu and
               Ling Chen and
               Xingquan Zhu and
               Ying Zhang and
               Chengqi Zhang and
               Weidong Qiu},
  title     = {Protecting Location Privacy in Spatial Crowdsourcing using Encrypted
               Data},
  booktitle = {Proceedings of the 20th International Conference on Extending Database
               Technology},
  pages     = {478--481},
  year      = {2017},
}

@inproceedings{icdcs16,
  author    = {Haiming Jin and
               Lu Su and
               Bolin Ding and
               Klara Nahrstedt and
               Nikita Borisov},
  title     = {Enabling Privacy-Preserving Incentives for Mobile Crowd Sensing Systems},
  booktitle = {36th {IEEE} International Conference on Distributed Computing Systems},
  pages     = {344--353},
  year      = {2016},
}

@inproceedings{tamc08,
  author    = {Cynthia Dwork},
  title     = {Differential Privacy: {A} Survey of Results},
  booktitle = {Theory and Applications of Models of Computation},
  pages     = {1--19},
  year      = {2008},
}

@article{vldb14,
  author    = {Hien To and
               Gabriel Ghinita and
               Cyrus Shahabi},
  title     = {A Framework for Protecting Worker Location Privacy in Spatial Crowdsourcing},
  journal   = {PVLDB},
  volume    = {7},
  number    = {10},
  pages     = {919--930},
  year      = {2014},
}

@article{tmc17,
  author    = {Hien To and
               Gabriel Ghinita and
               Liyue Fan and
               Cyrus Shahabi},
  title     = {Differentially Private Location Protection for Worker Datasets in
               Spatial Crowdsourcing},
  journal   = {{IEEE} Transactions on Mobile Computing},
  volume    = {16},
  number    = {4},
  pages     = {934--949},
  year      = {2017},
}

@inproceedings{infocom16,
  author    = {Xiaocong Jin and
               Yanchao Zhang},
  title     = {Privacy-preserving crowdsourced spectrum sensing},
  booktitle = {Proceedings of the {IEEE} International Conference on Computer Communications},
  pages     = {1--9},
  year      = {2016},
}

@inproceedings{focs07,
  author    = {Frank McSherry and
               Kunal Talwar},
  title     = {Mechanism Design via Differential Privacy},
  booktitle = {48th Annual {IEEE} Symposium on Foundations of Computer Science},
  pages     = {94--103},
  year      = {2007},
}

@article{ton18,
  author    = {Xiaocong Jin and
               Yanchao Zhang},
  title     = {Privacy-Preserving Crowdsourced Spectrum Sensing},
  journal   = {{IEEE/ACM} Transactions on Networking},
  volume    = {26},
  number    = {3},
  pages     = {1236--1249},
  year      = {2018},
}

@inproceedings{infocom12,
  author    = {Khuong Vu and
               Rong Zheng and
               Jie Gao},
  title     = {Efficient algorithms for K-anonymous location privacy in participatory
               sensing},
  booktitle = {Proceedings of the {IEEE} International Conference on Computer Communications},
  pages     = {2399--2407},
  year      = {2012},
}

@article{kddexp11,
  author    = {Leyla Kazemi and
               Cyrus Shahabi},
  title     = {A privacy-aware framework for participatory sensing},
  journal   = {{SIGKDD} Explorations},
  volume    = {13},
  number    = {1},
  pages     = {43--51},
  year      = {2011},
}

@inproceedings{percom11short,
  author    = {Leyla Kazemi and
               Cyrus Shahabi},
  title     = {Towards preserving privacy in participatory sensing},
  booktitle = {9th Annual {IEEE} International Conference on Pervasive Computing
               and Communications},
  pages     = {328--331},
  year      = {2011},
}

@article{sigmodrecord15,
  author    = {Layla Pournajaf and
               Daniel A. Garcia{-}Ulloa and
               Li Xiong and
               Vaidy S. Sunderam},
  title     = {Participant Privacy in Mobile Crowd Sensing Task Management: {A} Survey
               of Methods and Challenges},
  journal   = {Proceedings of the {ACM} {SIGMOD} International Conference on Management of Data},
  volume    = {44},
  number    = {4},
  pages     = {23--34},
  year      = {2015},
}

@inproceedings{icdm16,
  author    = {Leye Wang and
               Daqing Zhang and
               Dingqi Yang and
               Brian Y. Lim and
               Xiaojuan Ma},
  title     = {Differential Location Privacy for Sparse Mobile Crowdsensing},
  booktitle = {{IEEE} 16th International Conference on Data Mining},
  pages     = {1257--1262},
  year      = {2016},
}

@inproceedings{icde15lei,
  author    = {Lei Chen and
               Dongwon Lee and
               Tova Milo},
  title     = {Data-driven crowdsourcing: Management, mining, and applications},
  booktitle = {31st {IEEE} International Conference on Data Engineering},
  pages     = {1527--1529},
  year      = {2015},
}

@article{tkde16lei,
  author    = {Anand Inasu Chittilappilly and
               Lei Chen and
               Sihem Amer{-}Yahia},
  title     = {A Survey of General-Purpose Crowdsourcing Techniques},
  journal   = {{IEEE} TKDE},
  volume    = {28},
  number    = {9},
  pages     = {2246--2266},
  year      = {2016},
}

@article{tkde16hector,
  author    = {Hector Garcia{-}Molina and
               Manas Joglekar and
               Adam Marcus and
               Aditya G. Parameswaran and
               Vasilis Verroios},
  title     = {Challenges in Data Crowdsourcing},
  journal   = {{IEEE} TKDE},
  volume    = {28},
  number    = {4},
  pages     = {901--911},
  year      = {2016},
}

@inproceedings{chi13,
  author    = {Mohamed Musthag and
               Deepak Ganesan},
  title     = {Labor dynamics in a mobile micro-task market},
  booktitle = {2013 {ACM} {SIGCHI} Conference on Human Factors in Computing Systems},
  pages     = {641--650},
  year      = {2013},
}

@inproceedings{sigmod17tutorial,
  author    = {Guoliang Li and
               Yudian Zheng and
               Ju Fan and
               Jiannan Wang and
               Reynold Cheng},
  title     = {Crowdsourced Data Management: Overview and Challenges},
  booktitle = {SIGMOD},
  pages     = {1711--1716},
  year      = {2017},
}

@article{commag,
  author    = {Yongjian Zhao and
               Qi Han},
  title     = {Spatial crowdsourcing: current state and future directions},
  journal   = {{IEEE} Communications Magazine},
  volume    = {54},
  number    = {7},
  pages     = {102--107},
  year      = {2016},
}

@article{iotj18,
  author    = {Bin Guo and
               Yan Liu and
               Leye Wang and
               Victor O. K. Li and
               Jacqueline C. K. Lam and
               Zhiwen Yu},
  title     = {Task Allocation in Spatial Crowdsourcing: Current State and Future
               Directions},
  journal   = {{IEEE} Internet of Things Journal},
  volume    = {5},
  number    = {3},
  pages     = {1749--1764},
  year      = {2018},
}

@article{privacybook,
  author    = {Hien To and Cyrus Shahabi},
  editor    = {Aris Gkoulalas{-}Divanis and
               Claudio Bettini},
  title     = {Location Privacy in Spatial Crowdsourcing, {H}andbook of Mobile Data Privacy},
  pages     = {167--194},
  publisher = {Springer},
  year      = {2018},
}

@inproceedings{cikm14tutorial,
  title={Crowdsourcing in information and knowledge management},
  author={Chen, L and Lee, D and Zhang, M},
  booktitle={Proceedings of the 23rd ACM International Conference on Information and Knowledge Management},
  year={2014}
}

@inproceedings{ccs13,
  author    = {Miguel E. Andr{\'{e}}s and
               Nicol{\'{a}}s Emilio Bordenabe and
               Konstantinos Chatzikokolakis and
               Catuscia Palamidessi},
  title     = {Geo-indistinguishability: differential privacy for location-based
               systems},
  booktitle = {2013 {ACM} {SIGSAC} Conference on Computer and Communications Security},
  pages     = {901--914},
  year      = {2013},
}


@article{geoinformatica17,
  author    = {An Liu and
               Weiqi Wang and
               Shuo Shang and
               Qing Li and
               Xiangliang Zhang},
  title     = {Efficient task assignment in spatial crowdsourcing with worker and
               task privacy protection},
  journal   = {GeoInformatica},
  volume    = {22},
  number    = {2},
  pages     = {335--362},
  year      = {2018},
}

@inproceedings{he,
  author    = {Pascal Paillier},
  title     = {Public-Key Cryptosystems Based on Composite Degree Residuosity Classes},
  booktitle = {International Conference on the Theory and Applications of Cryptographic Techniques},
  pages     = {223--238},
  year      = {1999},
}

@article{elgamal,
  author    = {Taher El Gamal},
  title     = {A public key cryptosystem and a signature scheme based on discrete
               logarithms},
  journal   = {{IEEE} Transactions on Information Theory},
  volume    = {31},
  number    = {4},
  pages     = {469--472},
  year      = {1985},
}

@inproceedings{hashelgamal,
  author    = {Valeria Nikolaenko and
               Stratis Ioannidis and
               Udi Weinsberg and
               Marc Joye and
               Nina Taft and
               Dan Boneh},
  title     = {Privacy-preserving matrix factorization},
  booktitle = {2013 {ACM} {SIGSAC} Conference on Computer and Communications Security},
  pages     = {801--812},
  year      = {2013},
}

@article{jcst17,
  author    = {An Liu and
               Zhixu Li and
               Guanfeng Liu and
               Kai Zheng and
               Min Zhang and
               Qing Li and
               Xiangliang Zhang},
  title     = {Privacy-Preserving Task Assignment in Spatial Crowdsourcing},
  journal   = {Journal of Computer Science and Technology},
  volume    = {32},
  number    = {5},
  pages     = {905--918},
  year      = {2017},
}

@inproceedings{yao1,
  author    = {Andrew Chi{-}Chih Yao},
  title     = {How to Generate and Exchange Secrets (Extended Abstract)},
  booktitle = {27th Annual Symposium on Foundations of Computer Science},
  pages     = {162--167},
  year      = {1986},
}



@article{yao2,
  author    = {Yehuda Lindell and
               Benny Pinkas},
  title     = {A Proof of Security of Yao's Protocol for Two-Party Computation},
  journal   = {Journal of Cryptology},
  volume    = {22},
  number    = {2},
  pages     = {161--188},
  year      = {2009},
}



@article{tifs18,
  author    = {Xuebin Ren and
               Chia{-}Mu Yu and
               Weiren Yu and
               Shusen Yang and
               Xinyu Yang and
               Julie A. McCann and
               Philip S. Yu},
  title     = {LoPub: High-Dimensional Crowdsourced Data Publication With Local Differential
               Privacy},
  journal   = {{IEEE} Transactions on Information Forensics and Security},
  volume    = {13},
  number    = {9},
  pages     = {2151--2166},
  year      = {2018},
}


@article{wwwj18,
  title={Towards secure and truthful task assignment in spatial crowdsourcing},
  author={Zhai, Dongjun and Sun, Yue and Liu, An and Li, Zhixu and Liu, Guanfeng and Zhao, Lei and Zheng, Kai},
  journal={World Wide Web},
  pages={1--24},
  year={2018},
}

@inproceedings{wise17,
  author    = {Yue Sun and
               An Liu and
               Zhixu Li and
               Guanfeng Liu and
               Lei Zhao and
               Kai Zheng},
  title     = {Anonymity-Based Privacy-Preserving Task Assignment in Spatial Crowdsourcing},
  booktitle = {Web Information Systems Engineering - 18th International
               Conference},
  pages     = {263--277},
  year      = {2017},
}

@article{fs16,
  author    = {Yuan Zhang and
               Qingjun Chen and
               Sheng Zhong},
  title     = {Privacy-Preserving Data Aggregation in Mobile Phone Sensing},
  journal   = {{IEEE} Transactions on Information Forensics and Security},
  volume    = {11},
  number    = {5},
  pages     = {980--992},
  year      = {2016},
}

@inproceedings{lsh,
  author    = {Mayur Datar and
               Nicole Immorlica and
               Piotr Indyk and
               Vahab S. Mirrokni},
  title     = {Locality-sensitive hashing scheme based on p-stable distributions},
  booktitle = {Proceedings of the 20th {ACM} Symposium on Computational Geometry},
  pages     = {253--262},
  year      = {2004},
}

@article{kano,
  author    = {Latanya Sweeney},
  title     = {k-Anonymity: {A} Model for Protecting Privacy},
  journal   = {International Journal of Uncertainty, Fuzziness and Knowledge-Based
               Systems},
  volume    = {10},
  number    = {5},
  pages     = {557--570},
  year      = {2002},
}

%yansheng
@inproceedings{icde14-su,
  author    = {Han Su and
               Kai Zheng and
               Jiamin Huang and
               Hoyoung Jeung and
               Lei Chen and
               Xiaofang Zhou},
  title     = {CrowdPlanner: {A} crowd-based route recommendation system},
  booktitle = {{IEEE} 30th International Conference on Data Engineering},
  pages     = {1144--1155},
  year      = {2014},
}



@article{vldb14-zhang,
  author    = {Chen Jason Zhang and
               Yongxin Tong and
               Lei Chen},
  title     = {Where To: Crowd-Aided Path Selection},
  journal   = {PVLDB},
  volume    = {7},
  number    = {14},
  pages     = {2005--2016},
  year      = {2014},
}

@inproceedings{edbt14-artikis,
  author    = {Alexander Artikis and
               Matthias Weidlich and
               Fran{\c{c}}ois Schnitzler and
               Ioannis Boutsis and
               Thomas Liebig and
               Nico Piatkowski and
               Christian Bockermann and
               Katharina Morik and
               Vana Kalogeraki and
               Jakub Marecek and
               Avigdor Gal and
               Shie Mannor and
               Dimitrios Gunopulos and
               Dermot Kinane},
  title     = {Heterogeneous Stream Processing and Crowdsourcing for Urban Traffic
               Management},
  booktitle = {Proceedings of the 17th International Conference on Extending Database
               Technology},
  pages     = {712--723},
  year      = {2014},
}


@inproceedings{mdm17-chen,
  author    = {Jinpeng Chen and
               Hua Lu and
               Ilkcan Keles and
               Christian S. Jensen},
  title     = {Crowdsourcing Based Evaluation of Ranking Approaches for Spatial Keyword
               Querying},
  booktitle = {18th {IEEE} International Conference on Mobile Data Management},
  pages     = {62--71},
  year      = {2017},
}

@inproceedings{gis15-ald,
  author    = {Abdullah AlDwyish and
               Egemen Tanin and
               Shanika Karunasekera},
  title     = {Location-based social networking for obtaining personalised driving
               advice},
  booktitle = {Proceedings of the 23rd {ACM} {SIGSPATIAL} International Conference on Advances
               in Geographic Information Systems},
  pages     = {91:1--91:4},
  year      = {2015},
}

@article{ieeecm17-fan,
  author    = {Xiaoyi Fan and
               Jiangchuan Liu and
               Zhi Wang and
               Yong Jiang and
               Xue Liu},
  title     = {Crowdsourced Road Navigation: Concept, Design, and Implementation},
  journal   = {{IEEE} Communications Magazine},
  volume    = {55},
  number    = {6},
  pages     = {126--128},
  year      = {2017},
}


@inproceedings{DBLP:conf/gis/JonathanM18,
  author    = {Christopher Jonathan and
               Mohamed F. Mokbel},
  title     = {Stella: geotagging images via crowdsourcing},
  booktitle = {Proceedings of the 26th {ACM} {SIGSPATIAL} International Conference
               on Advances in Geographic Information Systems},
  pages     = {169--178},
  publisher = {{ACM}},
  year      = {2018}
}

@inproceedings{ubicompcs10-stevens,
  title={Crowdsourcing of pollution data using smartphones},
  author={Stevens, Matthias and D’Hondt, Ellie},
  booktitle={Workshop on Ubiquitous Crowdsourcing},
  year={2010}
}

@article{mobisens12-has,
  title={Participatory air pollution monitoring using smartphones},
  author={Hasenfratz, David and Saukh, Olga and Sturzenegger, Silvan and Thiele, Lothar},
  journal={Mobile Sensing},
  volume={1},
  pages={1--5},
  year={2012}
}

@inproceedings{ispa15-min,
  author    = {Julien Mineraud and
               Federico Lancerin and
               Sasitharan Balasubramaniam and
               Mauro Conti and
               Sasu Tarkoma},
  title     = {You are AIRing too Much: Assessing the Privacy of Users in Crowdsourcing
               Environmental Data},
  booktitle = {2015 {IEEE} TrustCom/BigDataSE/ISPA},
  pages     = {523--530},
  year      = {2015},
}

@inproceedings{hcomp15-aga,
  author    = {Elena Agapie and
               Jaime Teevan and
               Andr{\'{e}}s Monroy{-}Hern{\'{a}}ndez},
  title     = {Crowdsourcing in the Field: {A} Case Study Using Local Crowds for
               Event Reporting},
  booktitle = {Proceedings of the 3rd {AAAI} Conference on Human Computation and
               Crowdsourcing},
  pages     = {2--11},
  year      = {2015},
}

@inproceedings{sigir14-cheng,
  author    = {Zhiyuan Cheng and
               James Caverlee and
               Himanshu Barthwal and
               Vandana Bachani},
  title     = {Who is the barbecue king of texas?: a geo-spatial approach to finding
               local experts on twitter},
  booktitle = {The 37th International {ACM} {SIGIR} Conference on Research and Development
               in Information Retrieval},
  pages     = {335--344},
  year      = {2014},
}

@inproceedings{aaai18-niu,
  author    = {Wei Niu and
               James Caverlee and
               Haokai Lu},
  title     = {Location-Sensitive User Profiling Using Crowdsourced Labels},
  booktitle = {Proceedings of the 32nd {AAAI} Conference on Artificial Intelligence},
  pages     = {386--393},
  year      = {2018},
}

@article{osm,
  author    = {Mordechai (Muki) Haklay and
               Patrick Weber},
  title     = {OpenStreetMap: User-Generated Street Maps},
  journal   = {{IEEE} Pervasive Computing},
  volume    = {7},
  number    = {4},
  pages     = {12--18},
  year      = {2008},
}

@article{tmc16-chen,
  author    = {Xi Chen and
               Xiaopei Wu and
               Xiang{-}Yang Li and
               Xiaoyu Ji and
               Yuan He and
               Yunhao Liu},
  title     = {Privacy-Aware High-Quality Map Generation with Participatory Sensing},
  journal   = {{IEEE} Transactions on Mobile Computing},
  volume    = {15},
  number    = {3},
  pages     = {719--732},
  year      = {2016},
}

@inproceedings{DBLP:conf/icde/Zheng018,
  author    = {Libin Zheng and
               Lei Chen},
  title     = {Multi-Campaign Oriented Spatial Crowdsourcing},
  booktitle = {34th {IEEE} International Conference on Data Engineering, {ICDE} 2018},
  pages     = {1248--1251},
  year      = {2018},
}

@inproceedings{DBLP:conf/sigmod/GuoPG12,
  author    = {Stephen Guo and
               Aditya G. Parameswaran and
               Hector Garcia{-}Molina},
  title     = {So who won?: dynamic max discovery with the crowd},
  booktitle = {{SIGMOD}},
  pages     = {385--396},
  year      = {2012}
}

@inproceedings{DBLP:conf/nips/WhitehillRWBM09,
  author    = {Jacob Whitehill and
               Paul Ruvolo and
               Tingfan Wu and
               Jacob Bergsma and
               Javier R. Movellan},
  title     = {Whose Vote Should Count More: Optimal Integration of Labels from Labelers
               of Unknown Expertise},
  booktitle = {Advances in Neural Information Processing Systems},
  pages     = {2035--2043},
  year      = {2009}
}

@inproceedings{DBLP:conf/www/VenanziGKKS14,
  author    = {Matteo Venanzi and
               John Guiver and
               Gabriella Kazai and
               Pushmeet Kohli and
               Milad Shokouhi},
  title     = {Community-based bayesian aggregation models for crowdsourcing},
  booktitle = {Proceedings of the 23rd International Conference on World Wide Web},
  pages     = {155--164},
  year      = {2014}
}

@inproceedings{DBLP:conf/icml/HoJV13,
  author    = {Chien{-}Ju Ho and
               Shahin Jabbari and
               Jennifer Wortman Vaughan},
  title     = {Adaptive Task Assignment for Crowdsourced Classification},
  booktitle = {Proceedings of the 30th International Conference on Machine Learning},
  pages     = {534--542},
  year      = {2013}
}

@inproceedings{DBLP:conf/edbt/ZhaoWZCN15,
    author    = {Zhou Zhao and
    Furu Wei and
    Ming Zhou and
    Weikeng Chen and
    Wilfred Ng},
    title     = {Crowd-Selection Query Processing in Crowdsourcing Databases: {A} Task-Driven
    Approach},
    booktitle = {Proceedings of the 18th International Conference on Extending Database
    Technology},
    pages     = {397--408},
    year      = {2015}
}

@article{DBLP:journals/paa/KunchevaWS03,
  author    = {Ludmila I. Kuncheva and
               Christopher J. Whitaker and
               Catherine A. Shipp and
               Robert P. W. Duin},
  title     = {Limits on the majority vote accuracy in classifier fusion},
  journal   = {Pattern Analysis and Applications},
  volume    = {6},
  number    = {1},
  pages     = {22--31},
  year      = {2003},
}

@inproceedings{DBLP:conf/www/DemartiniDC12,
  author    = {Gianluca Demartini and
               Djellel Eddine Difallah and
               Philippe Cudr{\'{e}}{-}Mauroux},
  title     = {ZenCrowd: leveraging probabilistic reasoning and crowdsourcing techniques
               for large-scale entity linking},
  booktitle = {Proceedings of the 21st International Conference on World Wide Web},
  pages     = {469--478},
  year      = {2012}
}

@article{DBLP:journals/jmlr/RaykarYZVFBM10,
  author    = {Vikas C. Raykar and
               Shipeng Yu and
               Linda H. Zhao and
               Gerardo Hermosillo Valadez and
               Charles Florin and
               Luca Bogoni and
               Linda Moy},
  title     = {Learning From Crowds},
  journal   = {Journal of Machine Learning Research},
  volume    = {11},
  pages     = {1297--1322},
  year      = {2010}
}

@article{DBLP:journals/iandc/LittlestoneW94,
  author    = {Nick Littlestone and
               Manfred K. Warmuth},
  title     = {The Weighted Majority Algorithm},
  journal   = {Information and Computation},
  volume    = {108},
  number    = {2},
  pages     = {212--261},
  year      = {1994}
}

@inproceedings{DBLP:conf/gis/HassanC15,
    author    = {Umair ul Hassan and
    Edward Curry},
    title     = {Flag-verify-fix: adaptive spatial crowdsourcing leveraging location-based
    social networks},
    booktitle = {Proceedings of the 23rd {ACM} {SIGSPATIAL} International Conference on Advances
    in Geographic Information Systems},
    pages     = {79:1--79:4},
    year      = {2015}
}

@inproceedings{DBLP:conf/infocom/CheungHH17,
    author    = {Man Hon Cheung and
    Fen Hou and
    Jianwei Huang},
    title     = {Make a difference: Diversity-driven social mobile crowdsensing},
    booktitle = {Proceedings of the {IEEE} Conference on Computer Communications},
    pages     = {1--9},
    year      = {2017}
}

@inproceedings{DBLP:conf/infocom/WangJTG18a,
    author    = {Xiong Wang and
    Riheng Jia and
    Xiaohua Tian and
    Xiaoying Gan},
    title     = {Dynamic Task Assignment in Crowdsensing with Location Awareness and
    Location Diversity},
    booktitle = {Proceedings of the {IEEE} Conference on Computer Communications},
    pages     = {2420--2428},
    year      = {2018}
}

@inproceedings{DBLP:conf/icde/LiuCT18,
    author    = {Zheng Liu and
    Lei Chen and
    Yongxin Tong},
    title     = {Realtime Traffic Speed Estimation with Sparse Crowdsourced Data},
    booktitle = {34th {IEEE} International Conference on Data Engineering},
    pages     = {329--340},
    year      = {2018}
}

@article{DBLP:journals/tsmc/YangZZY15,
    author    = {Dingqi Yang and
    Daqing Zhang and
    Vincent W. Zheng and
    Zhiyong Yu},
    title     = {Modeling User Activity Preference by Leveraging User Spatial Temporal
    Characteristics in LBSNs},
    journal   = {{IEEE} Transactions on Systems, Man, and Cybernetics: Systems},
    volume    = {45},
    number    = {1},
    pages     = {129--142},
    year      = {2015}
}



%%%% incentive
@inproceedings{DBLP:conf/atal/ChengNL14,
  author    = {Shih{-}Fen Cheng and
               Duc Thien Nguyen and
               Hoong Chuin Lau},
  title     = {Mechanisms for arranging ride sharing and fare splitting for last-mile
               travel demands},
  booktitle = {Proceedings of the 13th International Conference on Autonomous Agents
               and MultiAgent Systems},
  pages     = {1505--1506},
  year      = {2014}
}

@article{DBLP:journals/tits/ZhangWZ16,
  author    = {Jie Zhang and
               Ding Wen and
               Shuai Zeng},
  title     = {A Discounted Trade Reduction Mechanism for Dynamic Ridesharing Pricing},
  journal   = {{IEEE} Transactions on Intelligent Transportation Systems},
  volume    = {17},
  number    = {6},
  pages     = {1586--1595},
  year      = {2016}
}

@inproceedings{yu2015quality,
    title={Quality and budget aware task allocation for spatial crowdsourcing},
    author={Yu, Han and Miao, Chunyan and Shen, Zhiqi and Leung, Cyril},
    booktitle={Proceedings of the 14th International Conference on Autonomous Agents
               and MultiAgent Systems},
    pages={1689--1690},
    year={2015},
}


@article{wu2018toward,
    title={Toward a real-time and budget-aware task package allocation in spatial crowdsourcing},
    author={Wu, Pengkun and Ngai, Eric WT and Wu, Yuanyuan},
    journal={Decision Support Systems},
    volume={110},
    pages={107--117},
    year={2018},
}

@inproceedings{wang2016quality,
    title={Quality-Assure and Budget-Aware Task Assignment for Spatial Crowdsourcing},
    author={Wang, Qing and He, Wei and Wang, Xinjun and Cui, Lizhen},
    booktitle={International Conference on Collaborative Computing: Networking, Applications and Worksharing},
    pages={60--70},
    year={2016},
}

@inproceedings{mitsopoulou2018cost,
    title={A Cost-Aware Incentive Mechanism in Mobile Crowdsourcing Systems},
    author={Mitsopoulou, Ellen and Boutsis, Ioannis and Kalogeraki, Vana and Yu, Jia Yuan},
    booktitle={2018 19th IEEE International Conference on Mobile Data Management},
    pages={239--244},
    year={2018},
}

@inproceedings{DBLP:conf/sigecom/Chen16,
  author    = {M. Keith Chen},
  title     = {Dynamic Pricing in a Labor Market: Surge Pricing and Flexible Work
               on the Uber Platform},
  booktitle = {Proceedings of the 2016 {ACM} Conference on Economics and Computation},
  pages     = {455},
  year      = {2016},
}

@inproceedings{DBLP:conf/sigecom/BanerjeeJR15,
  author    = {Siddhartha Banerjee and
               Ramesh Johari and
               Carlos Riquelme},
  title     = {Pricing in Ride-Sharing Platforms: {A} Queueing-Theoretic Approach},
  booktitle = {Proceedings of the 16th {ACM} Conference on Economics and Computation},
  pages     = {639},
  year      = {2015},
}

@inproceedings{DBLP:conf/sigecom/LuFK18,
  author    = {Alice Lu and
               Peter I. Frazier and
               Oren Kislev},
  title     = {Surge Pricing Moves Uber's Driver-Partners},
  booktitle = {Proceedings of the 2018 {ACM} Conference on Economics and Computation},
  pages     = {3},
  year      = {2018},
}


@inproceedings{DBLP:conf/ijcai/ShenLC16,
  author    = {Wen Shen and
               Cristina V. Lopes and
               Jacob W. Crandall},
  title     = {An Online Mechanism for Ridesharing in Autonomous Mobility-on-Demand
               Systems},
  booktitle = {Proceedings of the 25th International Joint Conference on
               Artificial Intelligence, {IJCAI} 2016, New York, NY, USA, 9-15 July
               2016},
  pages     = {475--481},
  year      = {2016},
}


@inproceedings{DBLP:conf/www/FangHW17,
  author    = {Zhixuan Fang and
               Longbo Huang and
               Adam Wierman},
  title     = {Prices and Subsidies in the Sharing Economy},
  booktitle = {Proceedings of the 26th International Conference on World Wide Web},
  pages     = {53--62},
  year      = {2017},
}

@article{DBLP:journals/corr/abs-1801-04015,
  author    = {Hongyao Ma and
               Fei Fang and
               David C. Parkes},
  title     = {Spatio-Temporal Pricing for Ridesharing Platforms},
  journal   = {CoRR},
  volume    = {abs/1801.04015},
  year      = {2018},
}

@inproceedings{DBLP:conf/gis/AsghariS18,
  author    = {Mohammad Asghari and
               Cyrus Shahabi},
  title     = {ADAPT-pricing: a dynamic and predictive technique for pricing to maximize
               revenue in ridesharing platforms},
  booktitle = {Proceedings of the 26th {ACM} {SIGSPATIAL} International Conference
               on Advances in Geographic Information Systems},
  pages     = {189--198},
  year      = {2018},
}

@inproceedings{DBLP:conf/sigecom/Banerjee0L17,
  author    = {Siddhartha Banerjee and
               Daniel Freund and
               Thodoris Lykouris},
  title     = {Pricing and Optimization in Shared Vehicle Systems: An Approximation
               Framework},
  booktitle = {Proceedings of the 2017 {ACM} Conference on Economics and Computation},
  pages     = {517},
  year      = {2017},
}

@article{nemhauser1978analysis,
  title={An analysis of approximations for maximizing submodular set functions—I},
  author={Nemhauser, George L and Wolsey, Laurence A and Fisher, Marshall L},
  journal={Mathematical programming},
  volume={14},
  number={1},
  pages={265--294},
  year={1978},
  publisher={Springer}
}

@inproceedings{quattrone2014mind,
    title={Mind the map: the impact of culture and economic affluence on crowd-mapping behaviours},
    author={Quattrone, Giovanni and Mashhadi, Afra and Capra, Licia},
    booktitle={Proceedings of the 17th ACM conference on Computer supported cooperative work \& social computing},
    pages={934--944},
    year={2014},
}


@book{narahari2014game,
    title={Game theory and mechanism design},
    author={Narahari, Yadati},
    volume={4},
    year={2014},
    publisher={World Scientific}
}

@book{roughgarden2016twenty,
    title={Twenty lectures on algorithmic game theory},
    author={Roughgarden, Tim},
    year={2016},
    publisher={Cambridge University Press}
}

@inproceedings{DBLP:conf/www/KootiGADRL17,
  author    = {Farshad Kooti and
               Mihajlo Grbovic and
               Luca Maria Aiello and
               Nemanja Djuric and
               Vladan Radosavljevic and
               Kristina Lerman},
  title     = {Analyzing Uber's Ride-sharing Economy},
  booktitle = {Proceedings of the 26th International Conference on World Wide Web
               Companion},
  pages     = {574--582},
  year      = {2017},
}

@inproceedings{DBLP:conf/www/JiangCMW18,
  author    = {Shan Jiang and
               Le Chen and
               Alan Mislove and
               Christo Wilson},
  title     = {On Ridesharing Competition and Accessibility: Evidence from Uber,
               Lyft, and Taxi},
  booktitle = {Proceedings of the 2018 International Conference on World Wide Web},
  pages     = {863--872},
  year      = {2018},
}

@inproceedings{DBLP:conf/sigecom/CastilloKW17,
  author    = {Juan{-}Camilo Castillo and
               Dan Knoepfle and
               Glen Weyl},
  title     = {Surge Pricing Solves the Wild Goose Chase},
  booktitle = {Proceedings of the 2017 {ACM} Conference on Economics and Computation},
  pages     = {241--242},
  year      = {2017},
}

@inproceedings{DBLP:conf/cscw/TongGLCGS17,
  author    = {Xin Tong and
               Ankit Gupta and
               Henry Lo and
               Amber Choo and
               Diane Gromala and
               Christopher D. Shaw},
  title     = {Chasing Lovely Monsters in the Wild, Exploring Players' Motivation
               and Play Patterns of Pok{\'{e}}mon Go: Go, Gone or Go Away?},
  booktitle = {Proceedings of the 2017 {ACM} Conference on Computer Supported Cooperative
               Work and Social Computing, Companion Volume},
  pages     = {327--330},
  year      = {2017},
}

@article{DBLP:journals/access/HuangZLSYG18,
  author    = {Peihuang Huang and
               Wenxing Zhu and
               Kewen Liao and
               Timos Sellis and
               Zhiyong Yu and
               Longkun Guo},
  title     = {Efficient Algorithms for Flexible Sweep Coverage in Crowdsensing},
  journal   = {{IEEE} Access},
  volume    = {6},
  pages     = {50055--50065},
  year      = {2018}
}

@inproceedings{DBLP:conf/kdd/TongCZCWYYL17,
  author    = {Yongxin Tong and
               Yuqiang Chen and
               Zimu Zhou and
               Lei Chen and
               Jie Wang and
               Qiang Yang and
               Jieping Ye and
               Weifeng Lv},
  title     = {The Simpler The Better: {A} Unified Approach to Predicting Original
               Taxi Demands based on Large-Scale Online Platforms},
  booktitle = {KDD},
  pages     = {1653--1662},
  year      = {2017},
}

@article{DBLP:journals/tkde/TongCZJSL18,
  author    = {Yongxin Tong and
               Lei Chen and
               Zimu Zhou and
               H. V. Jagadish and
               Lidan Shou and
               Weifeng Lv},
  title     = {{SLADE:} {A} Smart Large-Scale Task Decomposer in Crowdsourcing},
  journal   = {{IEEE} TKDE},
  volume    = {30},
  number    = {8},
  pages     = {1588--1601},
  year      = {2018},
}

@article{Song2019,
	author={Tianshu Song
			and Ke Xu
			and Jiangneng Li
			and Yiming Li
			and Yongxin Tong},
	title={Multi-skill aware task assignment in real-time spatial crowdsourcing},
	journal={{GeoInformatica}},
	year={2019},
}

@article{LiGeoInformatica2019,
	author={Yiming Li
			and Jingzhi Fang
			and Yuxiang Zeng
			and Balz Maag
			and Yongxin Tong
			and Lingyu Zhang},
	title={Two-sided Online Bipartite Matching in Spatial Data: Experiments and Analysis},
	journal={{GeoInformatica}},
	year={2019},
}

@inproceedings{DBLP:conf/icalp/Dwork06,
  author    = {Cynthia Dwork},
  title     = {Differential Privacy},
  booktitle = {International Colloquium on Automata, Languages and Programming},
  pages     = {1--12},
  year      = {2006},
}

@inproceedings{DBLP:conf/focs/Bartal96,
  author    = {Yair Bartal},
  title     = {Probabilistic Approximations of Metric Spaces and Its Algorithmic
               Applications},
  booktitle = {37th Annual Symposium on Foundations of Computer Science},
  pages     = {184--193},
  year      = {1996},
}

@misc{gmissiondata,
  title = {{gMission Dataset Generator}},
  url = {https://github.com/gmission/SCDataGenerator},
  year = {2018},
}

@misc{gaia,
  title = {{GAIA Open Dataset}},
  url = {https://outreach.didichuxing.com/research/opendata},
  year = {2019},
}

@misc{datatang,
  title = {{Datatang Taxi Dataset}},
  url = {http://www.datatang.com/data/45888},
  year = {2016},
}

@misc{newyork,
	title = {{TLC Trip Record Data}},
	url = {http://www.nyc.gov/html/tlc/html/about/trip_record_data.shtml},
	year = {2018},
}


@misc{didireport,
	title = {{Didi Chuxing Corporate Citizenship Report}},
	url = {https://www.didiglobal.com/about-didi/responsibility},
	year = {2019},
}

@inproceedings{DBLP:conf/kdd/LiuHTLMH12,
  author    = {Xingjie Liu and
               Qi He and
               Yuanyuan Tian and
               Wang{-}Chien Lee and
               John McPherson and
               Jiawei Han},
  title     = {Event-based social networks: linking the online and offline social
               worlds},
  booktitle = {KDD},
  pages     = {1032--1040},
  year      = {2012},
}

@article{DBLP:journals/tkde/YuanZXS13,
  author    = {Jing Yuan and
               Yu Zheng and
               Xing Xie and
               Guangzhong Sun},
  title     = {T-Drive: Enhancing Driving Directions with Taxi Drivers' Intelligence},
  journal   = {{IEEE} Transactions on Knowledge and Data Engineering},
  volume    = {25},
  number    = {1},
  pages     = {220--232},
  year      = {2013},
}

@inproceedings{DBLP:conf/infocom/ShengTZ12,
  author    = {Xiang Sheng and
               Jian Tang and
               Weiyi Zhang},
  title     = {Energy-efficient collaborative sensing with mobile phones},
  booktitle = {2012 {IEEE} Conference on Computer Communications},
  pages     = {1916--1924},
  year      = {2012},
}

@inproceedings{DBLP:conf/huc/CranshawTHKS10,
  author    = {Justin Cranshaw and
               Eran Toch and
               Jason I. Hong and
               Aniket Kittur and
               Norman M. Sadeh},
  title     = {Bridging the gap between physical location and online social networks},
  booktitle = {Proceedings of the 12th ACM International Conference on Ubiquitous Computing},
  pages     = {119--128},
  year      = {2010},
}

@inproceedings{DBLP:conf/cikm/OuyangSTN14,
  author    = {Wentao Robin Ouyang and
               Mani B. Srivastava and
               Alice Toniolo and
               Timothy J. Norman},
  title     = {Truth Discovery in Crowdsourced Detection of Spatial Events},
  booktitle = {Proceedings of the 23rd {ACM} International Conference on Conference
               on Information and Knowledge Management},
  pages     = {461--470},
  year      = {2014},
}

@inproceedings{DBLP:conf/ideas/YangL02,
  author    = {Congjun Yang and
               King{-}Ip Lin},
  title     = {An index structure for improving closest pairs and related join queries
               in spatial databases},
  booktitle = {International Database Engineering {\&} Applications Symposium},
  pages     = {140--149},
  year      = {2002},
}

@inproceedings{DBLP:conf/sigmod/CorralMTV00,
  author    = {Antonio Corral and
               Yannis Manolopoulos and
               Yannis Theodoridis and
               Michael Vassilakopoulos},
  title     = {Closest Pair Queries in Spatial Databases},
  booktitle = {Proceedings of the 2000 {ACM} {SIGMOD} International Conference on
               Management of Data},
  pages     = {189--200},
  year      = {2000},
}

@inproceedings{DBLP:conf/colcom/WangHWC16,
  author    = {Qing Wang and
               Wei He and
               Xinjun Wang and
               Lizhen Cui},
  title     = {Quality-Assure and Budget-Aware Task Assignment for Spatial Crowdsourcing},
  booktitle = {12th International Conference on Collaborate Computing: Networking, Applications and Worksharing},
  pages     = {60--70},
  year      = {2016},
}

@inproceedings{DBLP:conf/icc/GuWLGL17,
  author    = {Liqiu Gu and
               Kun Wang and
               Xiulong Liu and
               Song Guo and
               Bo Liu},
  title     = {A reliable task assignment strategy for spatial crowdsourcing in big
               data environment},
  booktitle = {{IEEE} International Conference on Communications},
  pages     = {1--6},
  year      = {2017},
}

@inproceedings{DBLP:conf/mobide/Shahabi13,
  author    = {Cyrus Shahabi},
  title     = {Towards a generic framework for trustworthy spatial crowdsourcing},
  booktitle = {Proceedings of the 12th International {ACM} Workshop on Data Engineering
               for Wireless and Mobile Access},
  pages     = {1--4},
  year      = {2013},
}

@article{DBLP:journals/tetc/ZhangYLT19,
  author    = {Xinglin Zhang and
               Zheng Yang and
               Yunhao Liu and
               Shaohua Tang},
  title     = {On Reliable Task Assignment for Spatial Crowdsourcing},
  journal   = {{IEEE} Transactions on Emerging Topics in Computing},
  volume    = {7},
  number    = {1},
  pages     = {174--186},
  year      = {2019},
}

@article{DBLP:journals/sigmod/AmsterdamerM14,
  author    = {Yael Amsterdamer and
               Tova Milo},
  title     = {Foundations of Crowd Data Sourcing},
  journal   = {{SIGMOD} Record},
  volume    = {43},
  number    = {4},
  pages     = {5--14},
  year      = {2014},
}

@article{DBLP:journals/csur/DanielKCBA18,
  author    = {Florian Daniel and
               Pavel Kucherbaev and
               Cinzia Cappiello and
               Boualem Benatallah and
               Mohammad Allahbakhsh},
  title     = {Quality Control in Crowdsourcing: {A} Survey of Quality Attributes,
               Assessment Techniques, and Assurance Actions},
  journal   = {{ACM} Computing Surveys},
  volume    = {51},
  number    = {1},
  pages     = {7:1--7:40},
  year      = {2018},
}

%%%%%%%%%%%%%%%cheng hao%%%%%%%%%%%%%
@article{DBLP:journals/gis/SenaratneMACH17,
  author    = {Hansi Senaratne and
               Amin Mobasheri and
               Ahmed Loai Ali and
               Cristina Capineri and
               Mordechai (Muki) Haklay},
  title     = {A review of volunteered geographic information quality assessment
               methods},
  journal   = {International Journal of Geographical Information Science},
  volume    = {31},
  number    = {1},
  year      = {2017}
}

@article{heipke2010crowdsourcing,
  title={Crowdsourcing geospatial data},
  author={Heipke, Christian},
  journal={ISPRS Journal of Photogrammetry and Remote Sensing},
  volume={65},
  number={6},
  pages={550--557},
  year={2010},
  publisher={Elsevier}
}

@misc{keepright,
  title = {{keepright}},
  url = {https://www.keepright.at/},
  year = {2019},
}

@incollection{DBLP:series/lngc/HashemiA15,
  author    = {Peyman Hashemi and
               Rahim Ali Abbaspour},
  title     = {Assessment of Logical Consistency in OpenStreetMap Based on the Spatial
               Similarity Concept},
  booktitle = {OpenStreetMap in GIScience},
  series    = {Lecture Notes in Geoinformation and Cartography},
  pages     = {19--36},
  publisher = {Springer},
  year      = {2015}
}

%%%%%%%%%%%%%%%cheng hao%%%%%%%%%%%%%

%%%%%%%%%%%%%%%Fang Jingzhi%%%%%%%%%%%%%
@article{senaratne2017review,
	title={A review of volunteered geographic information quality assessment methods},
	author={Senaratne, Hansi and Mobasheri, Amin and Ali, Ahmed Loai and Capineri, Cristina and Haklay, Mordechai},
	journal={International Journal of Geographical Information Science},
	volume={31},
	number={1},
	pages={139--167},
	year={2017},
	publisher={Taylor \& Francis}
}

@inproceedings{dittus2016analysing,
title={Analysing volunteer engagement in humanitarian mapping: building contributor communities at large scale},
author={Dittus, Martin and Quattrone, Giovanni and Capra, Licia},
booktitle={Proceedings of the 19th ACM Conference on Computer-Supported Cooperative Work \& Social Computing},
pages={108--118},
year={2016},
organization={ACM}
}

@inproceedings{kim2015exploring,
title={Exploring barriers to the adoption of mobile technologies for volunteer data collection campaigns},
author={Kim, Sunyoung and Mankoff, Jennifer and Paulos, Eric},
booktitle={HCI},
pages={3117--3126},
year={2015},
organization={ACM}
}

@article{gomez2019needs,
title={Needs, drivers, participants and engagement actions: a framework for motivating contributions to volunteered geographic information systems},
author={G{\'o}mez-Barr{\'o}n, Jos{\'e}-Pablo and Manso-Callejo, Miguel-{\'A}ngel and Alcarria, Ram{\'o}n},
journal={Journal of Geographical Systems},
pages={1--37},
year={2019},
publisher={Springer}
}
%%%%%%%%%%%%%%%Fang Jingzhi%%%%%%%%%%

@inproceedings{DBLP:conf/gis/ChuangDHL13,
  author    = {Tyng{-}Ruey Chuang and
               Dong{-}Po Deng and
               Chun{-}Chen Hsu and
               Rob Lemmens},
  title     = {The one and many maps: participatory and temporal diversities in OpenStreetMap},
  booktitle = {GIS},
  pages     = {79--86},
  year      = {2013},
}

@article{DBLP:journals/tgis/ZhangZHRQX18,
  author    = {Guiming Zhang and
               A{-}Xing Zhu and
               Zhi{-}Pang Huang and
               Guopeng Ren and
               Cheng{-}Zhi Qin and
               Wen Xiao},
  title     = {Validity of historical volunteered geographic information: Evaluating
               citizen data for mapping historical geographic phenomena},
  journal   = {{Transactions in GIS}},
  volume    = {22},
  number    = {1},
  pages     = {149--164},
  year      = {2018},
}

@inproceedings{DBLP:conf/www/ChenZ17,
  author    = {Jiaoyan Chen and
               Alexander Zipf},
  title     = {DeepVGI: Deep Learning with Volunteered Geographic Information},
  booktitle = {WWW},
  pages     = {771--772},
  year      = {2017},
}

@inproceedings{kim2013sensr,
	title={Sensr: evaluating a flexible framework for authoring mobile data-collection tools for citizen science},
	author={Kim, Sunyoung and Mankoff, Jennifer and Paulos, Eric},
	booktitle={CSCW},
	pages={1453--1462},
	year={2013},
	organization={ACM}
}

@article{liu2010ushahidi,
	title={Ushahidi Haiti and Chile: next generation crisis mapping},
	author={Liu, Sophia B and Iacucci, Anahi Ayala and Meier, Patrick},
	journal={ACSM Bulletin},
	volume={246},
	year={2010}
}

@article{DBLP:journals/cacm/XiaY18,
  author    = {Huaxia Xia and
               Haiming Yang},
  title     = {Is last-mile delivery a `killer app' for self-driving vehicles?},
  journal   = {Communications of the ACM},
  volume    = {61},
  number    = {11},
  pages     = {70--75},
  year      = {2018},
}
------------------------------------

@article{DBLP:journals/pvldb/CaoSTC12,
  author    = {Caleb Chen Cao and
               Jieying She and
               Yongxin Tong and
               Lei Chen},
  title     = {Whom to Ask? Jury Selection for Decision Making Tasks on Micro-blog
               Services},
  journal   = {{PVLDB}},
  volume    = {5},
  number    = {11},
  pages     = {1495--1506},
  year      = {2012}
}
@article{DBLP:journals/pvldb/ZhangCJC13,
  author    = {Chen Jason Zhang and
               Lei Chen and
               H. V. Jagadish and
               Caleb Chen Cao},
  title     = {Reducing Uncertainty of Schema Matching via Crowdsourcing},
  journal   = {{PVLDB}},
  volume    = {6},
  number    = {9},
  pages     = {757--768},
  year      = {2013}
}
@inproceedings{DBLP:conf/sigmod/GuoPG12,
  author    = {Stephen Guo and
               Aditya G. Parameswaran and
               Hector Garcia{-}Molina},
  title     = {So who won?: dynamic max discovery with the crowd},
  booktitle = {{SIGMOD}},
  pages     = {385--396},
  year      = {2012}
}
@inproceedings{DBLP:conf/cvpr/DengDSLL009,
  author    = {Jia Deng and
               Wei Dong and
               Richard Socher and
               Li{-}Jia Li and
               Kai Li and
               Fei{-}Fei Li},
  title     = {ImageNet: {A} large-scale hierarchical image database},
  booktitle = {CVPR},
  pages     = {248--255},
  year      = {2009}
}

@inproceedings{amt,
	title     = {Amazon Mechanical Turk},
	booktitle = {https://www.mturk.com/},
}

@inproceedings{fe,
	title     = {Figure Eight},
	booktitle = {https://www.figure-eight.com/},
}

@inproceedings{amt_blog,
	title     = {Bringing Future Innovation to Amazon Mechanical Turk},
	booktitle = {https://blog.mturk.com/bringing-future-innovation-to-mechanical-turk-c67e489e0c37},
}

%%%%%%%%%%%%%%%%
%% human-human refs
@article{dse17topk,
  author    = {Dawei Gao and
               Yongxin Tong and
               Jieying She and
               Tianshu Song and
               Lei Chen and
               Ke Xu},
  title     = {Top-k Team Recommendation and Its Variants in Spatial Crowdsourcing},
  journal   = {Data Science and Engineering},
  volume    = {2},
  number    = {2},
  pages     = {136--150},
  year      = {2017},
}
@inproceedings{icis16,
  author    = {Dorit Nevo and
               Hamed Tajedin},
  title     = {Understanding the Role of Goals in Competitive Crowdsourcing Project
               Selection},
  booktitle = {{ICIS}},
  year      = {2016},
}
@inproceedings{esem15award,
  author    = {Ye Yang and
               Razieh Lotfalian Saremi},
  title     = {Award vs. Worker Behaviors in Competitive Crowdsourcing Tasks},
  booktitle = {{ESEM}},
  pages     = {68--77},
  year      = {2015},
}

@article{is19competitivecs,
  author    = {Sankar Kumar Mridha and
               Malay Bhattacharyya},
  title     = {Introducing Collaboration in Competitive Crowdsourcing Markets},
  journal   = {{IEEE} Intelligent Systems},
  volume    = {34},
  number    = {1},
  pages     = {23--31},
  year      = {2019},
}

@inproceedings{cikm14game,
  author    = {Markus Rokicki and
               Sergiu Chelaru and
               Sergej Zerr and
               Stefan Siersdorfer},
  title     = {Competitive Game Designs for Improving the Cost Effectiveness of Crowdsourcing},
  booktitle = {{CIKM}},
  pages     = {1469--1478},
  year      = {2014},
}

@inproceedings{focs14mechanism,
  author    = {Nima Anari and
               Gagan Goel and
               Afshin Nikzad},
  title     = {Mechanism Design for Crowdsourcing: An Optimal 1-1/e Competitive Budget-Feasible
               Mechanism for Large Markets},
  booktitle = {{FOCS}},
  pages     = {266--275},
  year      = {2014}
}

@inproceedings{sigir12game,
  author    = {Carsten Eickhoff and
               Christopher G. Harris and
               Arjen P. de Vries and
               Padmini Srinivasan},
  title     = {Quality through flow and immersion: gamifying crowdsourced relevance
               assessments},
  booktitle = {{SIGIR}},
  pages     = {871--880},
  year      = {2012},
}

@inproceedings{www13pricing,
  author    = {Yaron Singer and
               Manas Mittal},
  title     = {Pricing mechanisms for crowdsourcing markets},
  booktitle = {{WWW}},
  pages     = {1157--1166},
  year      = {2013},
}

@inproceedings{www13truthful,
  author    = {Adish Singla and
               Andreas Krause},
  title     = {Truthful incentives in crowdsourcing tasks using regret minimization
               mechanisms},
  booktitle = {{WWW}},
  pages     = {1167--1178},
  year      = {2013},
}


@article{vldb12whom2ask,
  author    = {Caleb Chen Cao and
               Jieying She and
               Yongxin Tong and
               Lei Chen},
  title     = {Whom to Ask? Jury Selection for Decision Making Tasks on Micro-blog
               Services},
  journal   = {{PVLDB}},
  volume    = {5},
  number    = {11},
  pages     = {1495--1506},
  year      = {2012},
}

@inproceedings{www14community,
  author    = {Matteo Venanzi and
               John Guiver and
               Gabriella Kazai and
               Pushmeet Kohli and
               Milad Shokouhi},
  title     = {Community-based bayesian aggregation models for crowdsourcing},
  booktitle = {{WWW}},
  pages     = {155--164},
  year      = {2014},
}

@article{tmc19strategic,
  author    = {Wanyuan Wang and
               Zhanpeng He and
               Peng Shi and
               Weiwei Wu and
               Yichuan Jiang and
               Bo An and
               Zhifeng Hao and
               Bing Chen},
  title     = {Strategic Social Team Crowdsourcing: Forming a Team of Truthful Workers
               for Crowdsourcing in Social Networks},
  journal   = {{IEEE} TMC},
  volume    = {18},
  number    = {6},
  pages     = {1419--1432},
  year      = {2019},
}

@inproceedings{aamas16truthful,
  author    = {Wanyuan Wang and
               Zhanpeng He and
               Peng Shi and
               Weiwei Wu and
               Yichuan Jiang},
  title     = {Truthful Team Formation for Crowdsourcing in Social Networks: (Extended
               Abstract)},
  booktitle = {AAMAS},
  pages     = {1327--1328},
  year      = {2016},
}

@inproceedings{icml13adaptive,
  author    = {Chien{-}Ju Ho and
               Shahin Jabbari and
               Jennifer Wortman Vaughan},
  title     = {Adaptive Task Assignment for Crowdsourced Classification},
  booktitle = {{ICML}},
  pages     = {534--542},
  year      = {2013},
}

@inproceedings{aaai12taskassignment,
  author    = {Chien{-}Ju Ho and
               Jennifer Wortman Vaughan},
  title     = {Online Task Assignment in Crowdsourcing Markets},
  booktitle = {{AAAI}},
  year      = {2012},
}

@inproceedings{edbt15crowdsel,
  author    = {Zhou Zhao and
               Furu Wei and
               Ming Zhou and
               Weikeng Chen and
               Wilfred Ng},
  title     = {Crowd-Selection Query Processing in Crowdsourcing Databases: {A} Task-Driven
               Approach},
  booktitle = {{EDBT}},
  pages     = {397--408},
  year      = {2015},
}

@inproceedings{kdd13transfer,
  author    = {Zhou Zhao and
               Da Yan and
               Wilfred Ng and
               Shi Gao},
  title     = {A transfer learning based framework of crowd-selection on twitter},
  booktitle = {{KDD}},
  pages     = {1514--1517},
  year      = {2013},
}

%%%% task assignment references
%%%% task selection
@misc{Wikipedia,
	title     = {Wikipedia},
	url = {https://www.wikipedia.org/},
}

@misc{YahooAnswer,
	title     = {{Y}ahoo! {A}nswers},
	url = {https://answers.yahoo.com/},
}

@misc{Quora,
	title     = {Quora},
	url = {https://www.quora.com/},
}

@misc{OpenStreetMap,
	title     = {{OpenStreetMap}},
	url = {https://www.openstreetmap.org/},
}

@inproceedings{DBLP:conf/gis/KazemiS12,
  author    = {Leyla Kazemi and
               Cyrus Shahabi},
  title     = {GeoCrowd: enabling query answering with spatial crowdsourcing},
  booktitle = {GIS},
  pages     = {189--198},
  year      = {2012},
}

@inproceedings{DBLP:conf/icde/HuZBLFC16,
  author    = {Huiqi Hu and
               Yudian Zheng and
               Zhifeng Bao and
               Guoliang Li and
               Jianhua Feng and
               Reynold Cheng},
  title     = {Crowdsourced {POI} labelling: Location-aware result inference and
               Task Assignment},
  booktitle = {{ICDE}},
  pages     = {61--72},
  year      = {2016}
}

@inproceedings{DBLP:conf/gis/DengSD13,
  author    = {Dingxiong Deng and
               Cyrus Shahabi and
               Ugur Demiryurek},
  title     = {Maximizing the number of worker's self-selected tasks in spatial crowdsourcing},
  booktitle = {GIS}},
  pages     = {314--323},
  year      = {2013}
}

%%%% task recommendation
@misc{Uber,
	title     = {Uber},
	url = {https://www.uber.com/},
}

@misc{Didi,
	title     = {{D}idi Chuxing},
	url = {https://www.didichuxing.com/},
}

@misc{Cainiao,
	title     = {{C}ainiao},
	url = {https://global.cainiao.com/},
}

@misc{FacebookEditor,
	title     = {{F}acebok {E}ditor},
	url = {https://www.facebook.com/editorcommunity/},
}

@article{DBLP:journals/pvldb/ZengTC19,
  author    = {Yuxiang Zeng and
               Yongxin Tong and
               Lei Chen},
  title     = {Last-Mile Delivery Made Practical: An Efficient Route Planning Framework
               with Theoretical Guarantees},
  journal   = {{PVLDB}},
  volume    = {13},
  number    = {3},
  pages     = {320--333},
  year      = {2019}
}

@inproceedings{DBLP:conf/aaai/ZhaoXSTZZ19,
  author    = {Boming Zhao and
               Pan Xu and
               Yexuan Shi and
               Yongxin Tong and
               Zimu Zhou and
               Yuxiang Zeng},
  title     = {Preference-Aware Task Assignment in On-Demand Taxi Dispatching: An
               Online Stable Matching Approach},
  booktitle = {{AAAI}},
  pages     = {2245--2252},
  year      = {2019}
}

@article{DBLP:journals/pvldb/TongZZCYX18,
  author    = {Yongxin Tong and
               Yuxiang Zeng and
               Zimu Zhou and
               Lei Chen and
               Jieping Ye and
               Ke Xu},
  title     = {A Unified Approach to Route Planning for Shared Mobility},
  journal   = {{PVLDB}},
  volume    = {11},
  number    = {11},
  pages     = {1633--1646},
  year      = {2018}
}

@inproceedings{DBLP:conf/dasfaa/TaoZZTC018,
  author    = {Qian Tao and
               Yuxiang Zeng and
               Zimu Zhou and
               Yongxin Tong and
               Lei Chen and
               Ke Xu},
  title     = {Multi-Worker-Aware Task Planning in Real-Time Spatial Crowdsourcing},
  booktitle = {{DASFAA}},
  pages     = {301--317},
  year      = {2018}
}

@inproceedings{DBLP:conf/icde/ZengTCZ18,
  author    = {Yuxiang Zeng and
               Yongxin Tong and
               Lei Chen and
               Zimu Zhou},
  title     = {Latency-Oriented Task Completion via Spatial Crowdsourcing},
  booktitle = {{ICDE}},
  pages     = {317--328},
  year      = {2018}
}

@inproceedings{DBLP:conf/icde/SongTWSYCX17,
  author    = {Tianshu Song and
               Yongxin Tong and
               Libin Wang and
               Jieying She and
               Bin Yao and
               Lei Chen and
               Ke Xu},
  title     = {Trichromatic Online Matching in Real-Time Spatial Crowdsourcing},
  booktitle = {{ICDE}},
  pages     = {1009--1020},
  year      = {2017}
}

@article{DBLP:journals/pvldb/TongSDCWX16,
  author    = {Yongxin Tong and
               Jieying She and
               Bolin Ding and
               Lei Chen and
               Tianyu Wo and
               Ke Xu},
  title     = {Online Minimum Matching in Real-Time Spatial Data: Experiments and
               Analysis},
  journal   = {{PVLDB}},
  volume    = {9},
  number    = {12},
  pages     = {1053--1064},
  year      = {2016}
}

@inproceedings{DBLP:conf/icde/TongSDWC16,
  author    = {Yongxin Tong and
               Jieying She and
               Bolin Ding and
               Libin Wang and
               Lei Chen},
  title     = {Online mobile Micro-Task Allocation in spatial crowdsourcing},
  booktitle = {{ICDE}},
  pages     = {49--60},
  year      = {2016}
}

@inproceedings{DBLP:conf/icde/WangTLXXL19,
  author    = {Yansheng Wang and
               Yongxin Tong and
               Cheng Long and
               Pan Xu and
               Ke Xu and
               Weifeng Lv},
  title     = {Adaptive Dynamic Bipartite Graph Matching: {A} Reinforcement Learning
               Approach},
  booktitle = {{ICDE}},
  pages     = {1478--1489},
  year      = {2019}
}

@article{DBLP:journals/pvldb/TongWZDCYX17,
  author    = {Yongxin Tong and
               Libin Wang and
               Zimu Zhou and
               Bolin Ding and
               Lei Chen and
               Jieping Ye and
               Ke Xu},
  title     = {Flexible Online Task Assignment in Real-Time Spatial Data},
  journal   = {{PVLDB}},
  volume    = {10},
  number    = {11},
  pages     = {1334--1345},
  year      = {2017}
}

@inproceedings{DBLP:conf/icde/ChenCZC19,
  author    = {Zhao Chen and
               Peng Cheng and
               Yuxiang Zeng and
               Lei Chen},
  title     = {Minimizing Maximum Delay of Task Assignment in Spatial Crowdsourcing},
  booktitle = {{ICDE}},
  pages     = {1454--1465},
  year      = {2019}
}

@inproceedings{DBLP:conf/sigmod/HanXZ019,
  author    = {Siyuan Han and
               Zihuan Xu and
               Yuxiang Zeng and
               Lei Chen},
  title     = {Fluid: {A} Blockchain based Framework for Crowdsourcing},
  booktitle = {{SIGMOD}},
  pages     = {1921--1924},
  year      = {2019}
}

@ARTICLE{tongTKDE19,
	author={
		Yongxin Tong and 
		Yuxiang Zeng and 
		Bolin Ding and 
		Libin Wang and 
		Lei Chen},
	journal={IEEE Transactions on Knowledge and Data Engineering},
	title={Two-sided Online Micro-Task Assignment in Spatial Crowdsourcing},
	year={2019}
}

@inproceedings{DBLP:conf/icde/XuICDE19,
  author    = {Yi Xu and
               Yongxin Tong and
               Yexuan Shi and
			   Qian Tao and
			   Ke Xu and
			   Wei Li},
  title     = {An Efficient Insertion Operator in Dynamic Ridesharing Services},
  booktitle = {ICDE},
  pages     = {1022--1033},
  year      = {2019},
}

@article{Tong2019,
	author="Tong, Yongxin
	and Zhou, Zimu
	and Zeng, Yuxiang
	and Chen, Lei
	and Shahabi, Cyrus",
	title="Spatial crowdsourcing: a survey",
	journal="The VLDB Journal",
	year="2019"
}

@Article{Li2019,
	author="Li, Yiming
	and Fang, Jingzhi
	and Zeng, Yuxiang
	and Maag, Balz
	and Tong, Yongxin
	and Zhang, Lingyu",
	title="Two-sided online bipartite matching in spatial data: experiments and analysis",
	journal="GeoInformatica",
	year="2019"
}

@inproceedings{DBLP:conf/icdm/RahmanRTAD15,
  author    = {Habibur Rahman and
               Senjuti Basu Roy and
               Saravanan Thirumuruganathan and
               Sihem Amer{-}Yahia and
               Gautam Das},
  title     = {Task Assignment Optimization in Collaborative Crowdsourcing},
  booktitle = {ICDM},
  pages     = {949--954},
  year      = {2015}
}

@inproceedings{DBLP:conf/icde/PilourdaultAR018,
  author    = {Julien Pilourdault and
               Sihem Amer{-}Yahia and
               Senjuti Basu Roy and
               Dongwon Lee},
  title     = {Task Relevance and Diversity as Worker Motivation in Crowdsourcing},
  booktitle = {ICDE},
  pages     = {365--376},
  year      = {2018}
}

@inproceedings{DBLP:conf/edbt/PilourdaultALR17,
  author    = {Julien Pilourdault and
               Sihem Amer{-}Yahia and
               Dongwon Lee and
               Senjuti Basu Roy},
  title     = {Motivation-Aware Task Assignment in Crowdsourcing},
  booktitle = {EDBT},
  pages     = {246--257},
  year      = {2017}
}

@inproceedings{DBLP:conf/aaai/0008XLSLS019,
  author    = {Yan Zhao and
               Jinfu Xia and
               Guanfeng Liu and
               Han Su and
               Defu Lian and
               Shuo Shang and
               Kai Zheng},
  title     = {Preference-Aware Task Assignment in Spatial Crowdsourcing},
  booktitle = {AAAI},
  pages     = {2629--2636},
  year      = {2019}
}

@inproceedings{DBLP:conf/icde/SuZHJ0Z14,
  author    = {Han Su and
               Kai Zheng and
               Jiamin Huang and
               Hoyoung Jeung and
               Lei Chen and
               Xiaofang Zhou},
  title     = {CrowdPlanner: {A} crowd-based route recommendation system},
  booktitle = {ICDE},
  pages     = {1144--1155},
  year      = {2014}
}





%%%% task bidding


%%%%future direction

@article{TIST19,
	author    = {Qiang Yang and
	Yang Liu and
	Tianjian Chen and
	Yongxin Tong},
	title     = {Federated Machine Learning: Concept and Applications},
	journal   = {{ACM} {TIST}},
	volume    = {10},
	number    = {2},
	pages     = {12:1--12:19},
	year      = {2019}
}

@inproceedings{ICALP06,
	author    = {Cynthia Dwork},
	title     = {Differential Privacy},
	booktitle = {ICALP},
	pages     = {1--12},
	year      = {2006}
}

@inproceedings{PODS03,
	author    = {Alexandre V. Evfimievski and
	Johannes Gehrke and
	Ramakrishnan Srikant},
	title     = {Limiting privacy breaches in privacy preserving data mining},
	booktitle = {PODS},
	pages     = {211--222},
	year      = {2003}
}

@article{SS,
	author    = {Ehud D. Karnin and
	J. W. Greene and
	Martin E. Hellman},
	title     = {On secret sharing systems},
	journal   = {{IEEE} Trans. Information Theory},
	volume    = {29},
	number    = {1},
	pages     = {35--41},
	year      = {1983}
}

@inproceedings{FHE,
	author    = {Craig Gentry},
	title     = {Fully homomorphic encryption using ideal lattices},
	booktitle = {STOC},
	pages     = {169--178},
	year      = {2009}
}

@article{GoogleFed1,
	author    = {H. Brendan McMahan and
	Eider Moore and
	Daniel Ramage and
	Blaise Ag{\"{u}}era y Arcas},
	title     = {Federated Learning of Deep Networks using Model Averaging},
	journal   = {CoRR},
	volume    = {abs/1602.05629},
	year      = {2016}
}

@inproceedings{GoogleFed2,
	author    = {Brendan McMahan and
	Eider Moore and
	Daniel Ramage and
	Seth Hampson and
	Blaise Ag{\"{u}}era y Arcas},
	title     = {Communication-Efficient Learning of Deep Networks from Decentralized
	Data},
	booktitle = {AISTATS},
	pages     = {1273--1282},
	year      = {2017}
}

@inproceedings{ICLR18,
	author    = {H. Brendan McMahan and
	Daniel Ramage and
	Kunal Talwar and
	Li Zhang},
	title     = {Learning Differentially Private Recurrent Language Models},
	booktitle = {ICLR},
	year      = {2018}
}

@inproceedings{NIPS14,
	author    = {Peter Kairouz and
	Sewoong Oh and
	Pramod Viswanath},
	title     = {Extremal Mechanisms for Local Differential Privacy},
	booktitle = {NIPS},
	pages     = {2879--2887},
	year      = {2014}
}

@inproceedings{CCS17,
	author    = {Keith Bonawitz and
	Vladimir Ivanov and
	Ben Kreuter and
	Antonio Marcedone and
	H. Brendan McMahan and
	Sarvar Patel and
	Daniel Ramage and
	Aaron Segal and
	Karn Seth},
	title     = {Practical Secure Aggregation for Privacy-Preserving Machine Learning},
	booktitle = {CCS},
	pages     = {1175--1191},
	year      = {2017}
}

@inproceedings{CIKM19,
	author    = {Di Jiang and
	Yuanfeng Song and
	Yongxin Tong and
	Xueyang Wu and
	Weiwei Zhao and
	Qian Xu and
	Qiang Yang},
	title     = {Federated Topic Modeling},
	booktitle = {CIKM},
	pages     = {1071--1080},
	year      = {2019}
}

@inproceedings{CCS16,
	author    = {Mart{\'{\i}}n Abadi and
	Andy Chu and
	Ian J. Goodfellow and
	H. Brendan McMahan and
	Ilya Mironov and
	Kunal Talwar and
	Li Zhang},
	title     = {Deep Learning with Differential Privacy},
	booktitle = {CCS},
	pages     = {308--318},
	year      = {2016}
}

@article{Emoji,
	author    = {Swaroop Ramaswamy and
	Rajiv Mathews and
	Kanishka Rao and
	Fran{\c{c}}oise Beaufays},
	title     = {Federated Learning for Emoji Prediction in a Mobile Keyboard},
	journal   = {CoRR},
	volume    = {abs/1906.04329},
	year      = {2019}
}

@article{JSAC17,
	author    = {Lianyong Qi and
	Xuyun Zhang and
	Wanchun Dou and
	Qiang Ni},
	title     = {A Distributed Locality-Sensitive Hashing-Based Approach for Cloud
	Service Recommendation From Multi-Source Data},
	journal   = {{IEEE} JSAC},
	volume    = {35},
	number    = {11},
	pages     = {2616--2624},
	year      = {2017}
}

@inproceedings{SCG04,
	author    = {Mayur Datar and
	Nicole Immorlica and
	Piotr Indyk and
	Vahab S. Mirrokni},
	title     = {Locality-sensitive hashing scheme based on p-stable distributions},
	booktitle = {SOCG},
	pages     = {253--262},
	year      = {2004}
}

@inproceedings{Social1,
	author    = {Ralph Gross and
	Alessandro Acquisti},
	title     = {Information revelation and privacy in online social networks},
	booktitle = {WPES},
	pages     = {71--80},
	year      = {2005}
}

@article{Social2,
	author    = {Joshua Fogel and
	Elham Nehmad},
	title     = {Internet social network communities: Risk taking, trust, and privacy
	concerns},
	journal   = {Computers in Human Behavior},
	volume    = {25},
	number    = {1},
	pages     = {153--160},
	year      = {2009}
}

@article{TIST17,
	author    = {Oluwaseyi Feyisetan and
	Elena Simperl},
	title     = {Social Incentives in Paid Collaborative Crowdsourcing},
	journal   = {{ACM} {TIST}},
	volume    = {8},
	number    = {6},
	pages     = {73:1--73:31},
	year      = {2017}
}

@inproceedings{DBLP:conf/nordichi/AltSSKN10,
  author    = {Florian Alt and
               Alireza Sahami Shirazi and
               Albrecht Schmidt and
               Urs Kramer and
               Zahid Nawaz},
  title     = {Location-based crowdsourcing: extending crowdsourcing to the real
               world},
  booktitle = {HCI},
  pages     = {13--22},
  year      = {2010},
}

@inproceedings{DBLP:conf/nordichi/AltSSKN10,
  author    = {Florian Alt and
               Alireza Sahami Shirazi and
               Albrecht Schmidt and
               Urs Kramer and
               Zahid Nawaz},
  title     = {Location-based crowdsourcing: extending crowdsourcing to the real
               world},
  booktitle = {HCI},
  pages     = {13--22},
  year      = {2010},
}

@inproceedings{DBLP:conf/sigmod/VerroiosGP17,
  author    = {Vasilis Verroios and
               Hector Garcia{-}Molina and
               Yannis Papakonstantinou},
  title     = {Waldo: An Adaptive Human Interface for Crowd Entity Resolution},
  booktitle = {{SIGMOD}},
  pages     = {1133--1148},
  year      = {2017},
}

@article{DBLP:journals/pvldb/FirmaniSS16,
  author    = {Donatella Firmani and
               Barna Saha and
               Divesh Srivastava},
  title     = {Online Entity Resolution Using an Oracle},
  journal   = {{PVLDB}},
  volume    = {9},
  number    = {5},
  pages     = {384--395},
  year      = {2016},
}

@inproceedings{DBLP:conf/sigmod/WangLKFF13,
  author    = {Jiannan Wang and
               Guoliang Li and
               Tim Kraska and
               Michael J. Franklin and
               Jianhua Feng},
  title     = {Leveraging transitive relations for crowdsourced joins},
  booktitle = {{SIGMOD}},
  pages     = {229--240},
  year      = {2013},
}

@article{DBLP:journals/pvldb/WangKFF12,
  author    = {Jiannan Wang and
               Tim Kraska and
               Michael J. Franklin and
               Jianhua Feng},
  title     = {CrowdER: Crowdsourcing Entity Resolution},
  journal   = {{PVLDB}},
  volume    = {5},
  number    = {11},
  pages     = {1483--1494},
  year      = {2012},
}

@inproceedings{DBLP:conf/sigmod/VerroiosGP17,
  author    = {Vasilis Verroios and
               Hector Garcia{-}Molina and
               Yannis Papakonstantinou},
  title     = {Waldo: An Adaptive Human Interface for Crowd Entity Resolution},
  booktitle = {{SIGMOD}},
  pages     = {1133--1148},
  year      = {2017},
}

@inproceedings{DBLP:conf/aaai/FaradaniHI11,
  author    = {Siamak Faradani and
               Bjoern Hartmann and
               Panagiotis G. Ipeirotis},
  title     = {What's the Right Price? Pricing Tasks for Finishing on Time},
  booktitle = {HCOMP},
  year      = {2011},
}

@article{DBLP:journals/pvldb/GaoP14,
  author    = {Yihan Gao and
               Aditya G. Parameswaran},
  title     = {Finish Them!: Pricing Algorithms for Human Computation},
  journal   = {{PVLDB}},
  volume    = {7},
  number    = {14},
  pages     = {1965--1976},
  year      = {2014},
}

@inproceedings{DBLP:conf/sigmod/VerroiosLG15,
  author    = {Vasilis Verroios and
               Peter Lofgren and
               Hector Garcia{-}Molina},
  title     = {tDP: An Optimal-Latency Budget Allocation Strategy for Crowdsourced
               {MAXIMUM} Operations},
  booktitle = {{SIGMOD}},
  pages     = {1047--1062},
  year      = {2015},
}


@article{DBLP:journals/tkde/Garcia-MolinaJM16,
  author    = {Hector Garcia{-}Molina and
               Manas Joglekar and
               Adam Marcus and
               Aditya G. Parameswaran and
               Vasilis Verroios},
  title     = {Challenges in Data Crowdsourcing},
  journal   = {{IEEE} TKDE},
  volume    = {28},
  number    = {4},
  pages     = {901--911},
  year      = {2016},
}

@article{DBLP:journals/pvldb/ZhengLLSC17,
  author    = {Yudian Zheng and
               Guoliang Li and
               Yuanbing Li and
               Caihua Shan and
               Reynold Cheng},
  title     = {Truth Inference in Crowdsourcing: Is the Problem Solved?},
  journal   = {{PVLDB}},
  volume    = {10},
  number    = {5},
  pages     = {541--552},
  year      = {2017},
}

@article{dempster1977maximum,
  title={Maximum likelihood from incomplete data via the EM algorithm},
  author={Dempster, Arthur P and Laird, Nan M and Rubin, Donald B},
  journal={Journal of the Royal Statistical Society},
  volume={39},
  number={1},
  pages={1--22},
  year={1977},
  publisher={Wiley Online Library}
}

@inproceedings{DBLP:conf/sigmod/ZhengWLCF15,
  author    = {Yudian Zheng and
               Jiannan Wang and
               Guoliang Li and
               Reynold Cheng and
               Jianhua Feng},
  title     = {{QASCA:} {A} Quality-Aware Task Assignment System for Crowdsourcing
               Applications},
  booktitle = {{SIGMOD}},
  pages     = {1031--1046},
  year      = {2015},
}

@article{DBLP:journals/pvldb/WangKFF12,
  author    = {Jiannan Wang and
               Tim Kraska and
               Michael J. Franklin and
               Jianhua Feng},
  title     = {CrowdER: Crowdsourcing Entity Resolution},
  journal   = {{PVLDB}},
  volume    = {5},
  number    = {11},
  pages     = {1483--1494},
  year      = {2012},
}

@inproceedings{DBLP:conf/dasfaa/FengLWF14,
  author    = {Jianhong Feng and
               Guoliang Li and
               Henan Wang and
               Jianhua Feng},
  title     = {Incremental Quality Inference in Crowdsourcing},
  booktitle = {DASFAA},
  pages     = {453--467},
  year      = {2014},
}

@book{koller2009probabilistic,
  title={Probabilistic graphical models: principles and techniques},
  author={Koller, Daphne and Friedman, Nir},
  year={2009},
  publisher={MIT press}
}

@inproceedings{zhao2015crowd,
  title={Crowd-Selection Query Processing in Crowdsourcing Databases: A Task-Driven Approach.},
  author={Zhao, Zhou and Wei, Furu and Zhou, Ming and Chen, Weikeng and Ng, Wilfred},
  booktitle={EDBT},
  pages={397--408},
  year={2015}
}

@inproceedings{karger2011iterative,
  title={Iterative learning for reliable crowdsourcing systems},
  author={Karger, David R and Oh, Sewoong and Shah, Devavrat},
  booktitle={NIPS},
  pages={1953--1961},
  year={2011}
}

@inproceedings{add-CIKM19,
	author    = {Lingyu Zhang and
	Tianshu Song and
	Yongxin Tong and
	Zimu Zhou and
	Dan Li and
	Wei Ai and
	Lulu Zhang and
	Guobin Wu and
	Yan Liu and
	Jieping Ye},
	title     = {Recommendation-based Team Formation for On-demand Taxi-calling Platforms},
	booktitle = {CIKM},
	pages     = {59--68},
	year      = {2019}
}

@inproceedings{add-ICDE19,
	author    = {Yansheng Wang and
	Yongxin Tong and
	Cheng Long and
	Pan Xu and
	Ke Xu and
	Weifeng Lv},
	title     = {Adaptive Dynamic Bipartite Graph Matching: {A} Reinforcement Learning
	Approach},
	booktitle = {ICDE},
	pages     = {1478--1489},
	year      = {2019}
}

@inproceedings{add-DASFAA18,
	author    = {Qian Tao and
	Yuxiang Zeng and
	Zimu Zhou and
	Yongxin Tong and
	Lei Chen and
	Ke Xu},
	title     = {Multi-Worker-Aware Task Planning in Real-Time Spatial Crowdsourcing},
	booktitle = {DASFAA},
	pages     = {301--317},
	year      = {2018}
}

@inproceedings{add-SIGMOD18,
	author    = {Yongxin Tong and
	Libin Wang and
	Zimu Zhou and
	Lei Chen and
	Bowen Du and
	Jieping Ye},
	title     = {Dynamic Pricing in Spatial Crowdsourcing: {A} Matching-Based Approach},
	booktitle = {SIGMOD},
	pages     = {773--788},
	year      = {2018}
}

@article{add-VLDB17,
	author    = {Yongxin Tong and
	Libin Wang and
	Zimu Zhou and
	Bolin Ding and
	Lei Chen and
	Jieping Ye and
	Ke Xu},
	title     = {Flexible Online Task Assignment in Real-Time Spatial Data},
	journal   = {{PVLDB}},
	volume    = {10},
	number    = {11},
	pages     = {1334--1345},
	year      = {2017}
}

@inproceedings{add-ICDE17,
	author    = {Tianshu Song and
	Yongxin Tong and
	Libin Wang and
	Jieying She and
	Bin Yao and
	Lei Chen and
	Ke Xu},
	title     = {Trichromatic Online Matching in Real-Time Spatial Crowdsourcing},
	booktitle = {ICDE},
	pages     = {1009--1020},
	year      = {2017}
}

@article{add-VLDB16,
	author    = {Yongxin Tong and
	Jieying She and
	Bolin Ding and
	Lei Chen and
	Tianyu Wo and
	Ke Xu},
	title     = {Online Minimum Matching in Real-Time Spatial Data: Experiments and
	Analysis},
	journal   = {{PVLDB}},
	volume    = {9},
	number    = {12},
	pages     = {1053--1064},
	year      = {2016}
}

@article{add-VLDBJ,
	author={Tong, Yongxin
	and Zhou, Zimu
	and Zeng, Yuxiang
	and Chen, Lei
	and Shahabi, Cyrus},
	title={Spatial crowdsourcing: a survey},
	journal={The VLDB Journal},
	year={2019},
	url={https://doi.org/10.1007/s00778-019-00568-7}
}

@article{add-Zeng1,
	author    = {Yongxin Tong and
	Yuxiang Zeng and
	Zimu Zhou and
	Lei Chen and
	Jieping Ye and
	Ke Xu},
	title     = {A Unified Approach to Route Planning for Shared Mobility},
	journal   = {{PVLDB}},
	volume    = {11},
	number    = {11},
	pages     = {1633--1646},
	year      = {2018},
}

@article{add-Zeng2,
	author    = {Yuxiang Zeng and
	Yongxin Tong and
	Lei Chen},
	title     = {Last-Mile Delivery Made Practical: An Efficient Route Planning Framework
	with Theoretical Guarantees},
	journal   = {{PVLDB}},
	volume    = {13},
	number    = {3},
	pages     = {320--333},
	year      = {2019},
}
