@article{hinch2020effective,
  title={Effective Configurations of a Digital Contact Tracing App: A report to NHSX},
  author={Hinch, Robert and Probert, W and Nurtay, A and Kendall, M and Wymant, C and Hall, Matthew and Fraser, C},
  year={2020},
  url = {https://github.com/BDI-pathogens/covid-19_instant_tracing/blob/master/Report - Effective Configurations of a Digital Contact Tracing App.pdf}
}

@manual{traceTogether20pct,
    title="20 April 2020 - One Month On",
    url="https://web.archive.org/web/20200524045214/https://support.tracetogether.gov.sg/hc/en-sg/articles/360046475654-20-April-2020-One-Month-On",
    year="20 April 2020 (Accessed 24 May 2020)" 
    }

@article{tri_state_coalition,
    title = {What You Need to Know About {N}ew {Y}ork’s ‘Monumental’ Contact Tracing Program},
    author = { NBC New York},
    year = "22 April 2020 (Accessed 24 May 2020)",
    url= {http://web.archive.org/web/20200524162632/https://www.nbcnewyork.com/news/coronavirus/what-you-need-to-know-about-new-yorks-monumental-contact-tracing-program/2385611/}
}

@article{bay_area_testing,
    title = {Bay Area coronavirus tests: Where can I get one?},
    author = {Catherine Ho},
    year = "21 May 2020 (Accessed 25 May 2020)",
    url= {http://web.archive.org/web/20200525201614/https://www.sfchronicle.com/health/article/Where-can-I-get-a-coronavirus-test-in-the-Bay-15136054.php}
}

@article{local_testing_sites,
    title = {Directory of Local Health Departments},
    author = {National Association of County and City Health Officials},
    year = "24 May 2020 (Accessed 24 May 2020)",
    url= {http://web.archive.org/web/20200524090932/https://www.naccho.org/membership/lhd-directory}
}
    
@article{hvacTransmission,
    title={COVID-19 outbreak associated with air conditioning in restaurant, Guangzhou, China, 2020},
    author={Lu, J and Gu, J and Li, K and Xu, C and Su, W and Lai, Z et al.},
    year={2020},
    journal={Emerging Infectious Disease},
    note={https://doi.org/10.3201/eid2607.200764}
    }

@manual{asianDiscrimination,
    title={Asian Americans Feel The Bite Of Prejudice During The COVID-19 Pandemic},
    author={Esther Yoon-Jo Kang},
    organization={National Public Radio},
    url={https://web.archive.org/web/20200402203217/https://www.npr.org/local/309/2020/03/31/824397216/asian-americans-feel-the-bite-of-prejudice-during-the-c-o-v-i-d-19-pandemic},
    year="31 March 2020 (Accessed 2 April 2020)"
}

@manual{agen_pha_announce,
    title={Exposure Notification API launches to support public health agencies},
    organization={Apple Incorporated, Google LLC},
    url={http://web.archive.org/web/20200524152945/https://blog.google/inside-google/company-announcements/apple-google-exposure-notification-api-launches/},
    year="20 May 2020 (Accessed 24 May 2020)"
}

@article{koreaClub,
    title={South Korea Scrambles to Contain Nightclub Coronavirus Outbreak},
    author={Shin, Hyonhee and Smith, Josh},
    date={2020-05-10},
    year={2020},
    journal={Reuters},
    url={https://www.reuters.com/article/us-health-coronavirus-southkorea/south-korea-scrambles-to-contain-nightclub-coronavirus-outbreak-idUSKBN22N0DA},
    urldate={2020-05-22}
} 

@manual{agen,
    title={"Apple and Google partner on COVID-19 contact tracing technology"},
    author={Apple Inc.},
    url={https://web.archive.org/web/20200410171128/https://www.apple.com/newsroom/2020/04/apple-and-google-partner-on-covid-19-contact-tracing-technology/},
    date={2020-04-10},
    urldate={2020-05-25},
    year={10 April 2020 (accessed 25 May 2020)}
    }
    
@misc{pact,
    title={PACT: Privacy Sensitive Protocols and Mechanisms for Mobile Contact Tracing},
    author={Justin Chan and Dean Foster and Shyam Gollakota and Eric Horvitz and Joseph Jaeger and Sham Kakade and Tadayoshi Kohno and John Langford and Jonathan Larson and Puneet Sharma and Sudheesh Singanamalla and Jacob Sunshine and Stefano Tessaro},
    year={2020},
    eprint={2004.03544},
    archivePrefix={arXiv},
    primaryClass={cs.CR}
} 

@manual{dp3t,
    title={Decentralized Privacy-Preserving Proximity Tracing},
    author={Troncoso, Carmela et. al.},
    date={2020-05-25},
    url={https://github.com/DP-3T/documents/blob/master/DP3T%20White%20Paper.pdf}
}