
@misc{gdpr,
 author = {{The European Union}},
 title = {{Regulation (EU) 2016/679: General Data Protection Regulation (GDPR)}},
 howpublished = "\url{https://gdpr-info.eu/}",
 year = {2016},
 note = "[Online; accessed 15-August-2019]"
 }
 
 @article{follow,
 author = {Julia Stoyanovich and Bill Howe},
 title = {Follow the data!  Algorithmic transparency starts with data transparency},
 journal = {The Ethical Machine},
 publisher = {Shorenstein Center on Media, Politics, and Public Policy, Harvard University},
 year = {2018},
 month = {November 27},
 howpublished= "\url{https://ai.shorensteincenter.org/ideas/2018/11/26/follow-the-data-algorithmic-transparency-starts-with-data-transparency}",
 note = "[Online; accessed 19-March-2017]"
}

  @misc{Vacca,
    author = {{The New York City Council}},
    title = {{Int. No. 1696-A: A Local Law in relation to automated decision systems used by agencies}},
    howpublished = "\url{https://legistar.council.nyc.gov/LegislationDetail.aspx?ID=3137815&GUID=437A6A6D-62E1-47E2-9C42-461253F9C6D0}",
    note = "[Online; accessed on 15-August-2019]",
    year = {2017}
  }
  
    @misc{EU2015_2120,
    author = {{The European Parliament AND Council}},
    title = {{Regulation (EU) 2015/2120}},
    howpublished = "\url{https://eur-lex.europa.eu/legal-content/en/TXT/?uri=CELEX:32015R2120}",
    note = "[Online; accessed on 28-September-2018]",
    year = {2015}
  }
  
  @book{salganik,
   author = {Matthew J. Salganik},
   title = {Bit By Bit: Social Research in the Digital Age},
   year = {2019},
   publisher = {Princeton University Press}
 }
 
 @inproceedings{DBLP:conf/ssdbm/PingSH17,
  author    = {Haoyue Ping and
               Julia Stoyanovich and
               Bill Howe},
  title     = {DataSynthesizer: Privacy-Preserving Synthetic Datasets},
  booktitle = {Proceedings of the 29th International Conference on Scientific and
               Statistical Database Management, Chicago, IL, USA, June 27-29, 2017},
  pages     = {42:1--42:5},
  year      = {2017},
  crossref  = {DBLP:conf/ssdbm/2017},
  url       = {https://doi.org/10.1145/3085504.3091117},
  doi       = {10.1145/3085504.3091117},
  timestamp = {Tue, 06 Nov 2018 16:57:31 +0100},
  biburl    = {https://dblp.org/rec/bib/conf/ssdbm/PingSH17},
  bibsource = {dblp computer science bibliography, https://dblp.org}
}

@inproceedings{DBLP:conf/vldb/RodriguezSPSH18,
  author    = {Luke Rodriguez and
               Babak Salimi and
               Haoyue Ping and
               Julia Stoyanovich and
               Bill Howe},
  title     = {{MobilityMirror}: Bias-Adjusted Transportation Datasets},
  booktitle = {Big Social Data and Urban Computing - First Workshop, BiDU@VLDB 2018,
               Rio de Janeiro, Brazil, August 31, 2018, Revised Selected Papers},
  pages     = {18--39},
  year      = {2018},
  crossref  = {DBLP:conf/vldb/2018bidu},
  url       = {https://doi.org/10.1007/978-3-030-11238-7\_2},
  doi       = {10.1007/978-3-030-11238-7\_2},
  timestamp = {Tue, 29 Jan 2019 14:00:34 +0100},
  biburl    = {https://dblp.org/rec/bib/conf/vldb/RodriguezSPSH18},
  bibsource = {dblp computer science bibliography, https://dblp.org}
}

@inproceedings{DBLP:conf/sigmod/SalimiRHS19,
  author    = {Babak Salimi and
               Luke Rodriguez and
               Bill Howe and
               Dan Suciu},
  title     = {Interventional Fairness: Causal Database Repair for Algorithmic Fairness},
  booktitle = {Proceedings of the 2019 International Conference on Management of
               Data, {SIGMOD} Conference 2019, Amsterdam, The Netherlands, June 30
               - July 5, 2019.},
  pages     = {793--810},
  year      = {2019},
  crossref  = {DBLP:conf/sigmod/2019},
  url       = {https://doi.org/10.1145/3299869.3319901},
  doi       = {10.1145/3299869.3319901},
  timestamp = {Sat, 22 Jun 2019 17:10:04 +0200},
  biburl    = {https://dblp.org/rec/bib/conf/sigmod/SalimiRHS19},
  bibsource = {dblp computer science bibliography, https://dblp.org}
}

@inproceedings{DBLP:conf/icde/AsudehJJ19,
  author    = {Abolfazl Asudeh and
               Zhongjun Jin and
               H. V. Jagadish},
  title     = {Assessing and Remedying Coverage for a Given Dataset},
  booktitle = {35th {IEEE} International Conference on Data Engineering, {ICDE} 2019,
               Macao, China, April 8-11, 2019},
  pages     = {554--565},
  year      = {2019},
  crossref  = {DBLP:conf/icde/2019},
  url       = {https://doi.org/10.1109/ICDE.2019.00056},
  doi       = {10.1109/ICDE.2019.00056},
  timestamp = {Tue, 11 Jun 2019 14:09:35 +0200},
  biburl    = {https://dblp.org/rec/bib/conf/icde/AsudehJJ19},
  bibsource = {dblp computer science bibliography, https://dblp.org}
}

@article{propublica,
  title = {Machine Bias: Risk Assessments in Criminal Sentencing},
  author = {Julia Angwin and Jeff Larson and Surya Mattu and Lauren Kirchner},
  journal = {ProPublica},
  month = {May 23, 2016},
  url = {https://www.propublica.org/article/machine-bias-risk-assessments-in-criminal-sentencing}
}

@article{amazon_delivery,
  title = {Amazon Doesnâ€™t Consider the Race of Its Customers. Should It?},
  author = {David Ingold and Spencer Soper},
  journal = {Bloomberg},
  month = {April 21, 2016},
  url = {https://www.bloomberg.com/graphics/2016-amazon-same-day/}
}


@article{amazon_hiring,
  title = {Amazon scraps secret AI recruiting tool that showed bias against women},
  author = {Jeffrey Dastin},
  journal = {Reuters},
  month = {October 9, 2018},
  url = {https://www.reuters.com/article/us-amazon-com-jobs-automation-insight/amazon-scraps-secret-ai-recruiting-tool-that-showed-bias-against-women-idUSKCN1MK08G}
}

@article{DBLP:journals/corr/abs-1805-03677,
  author    = {Sarah Holland and
               Ahmed Hosny and
               Sarah Newman and
               Joshua Joseph and
               Kasia Chmielinski},
  title     = {The Dataset Nutrition Label: {A} Framework To Drive Higher Data Quality
               Standards},
  journal   = {CoRR},
  volume    = {abs/1805.03677},
  year      = {2018},
  url       = {http://arxiv.org/abs/1805.03677},
  archivePrefix = {arXiv},
  eprint    = {1805.03677},
  timestamp = {Mon, 13 Aug 2018 16:49:01 +0200},
  biburl    = {https://dblp.org/rec/bib/journals/corr/abs-1805-03677},
  bibsource = {dblp computer science bibliography, https://dblp.org}
}

@inproceedings{DBLP:conf/fat/MitchellWZBVHSR19,
  author    = {Margaret Mitchell and
               Simone Wu and
               Andrew Zaldivar and
               Parker Barnes and
               Lucy Vasserman and
               Ben Hutchinson and
               Elena Spitzer and
               Inioluwa Deborah Raji and
               Timnit Gebru},
  title     = {Model Cards for Model Reporting},
  booktitle = {Proceedings of the Conference on Fairness, Accountability, and Transparency,
               FAT* 2019, Atlanta, GA, USA, January 29-31, 2019},
  pages     = {220--229},
  year      = {2019},
  crossref  = {DBLP:conf/fat/2019},
  url       = {https://doi.org/10.1145/3287560.3287596},
  doi       = {10.1145/3287560.3287596},
  timestamp = {Wed, 27 Feb 2019 10:53:44 +0100},
  biburl    = {https://dblp.org/rec/bib/conf/fat/MitchellWZBVHSR19},
  bibsource = {dblp computer science bibliography, https://dblp.org}
}

@article{DBLP:journals/concurrency/MoreauLA08,
  author    = {Luc Moreau and
               Bertram Lud{\"{a}}scher and
               Ilkay Altintas and
               Roger S. Barga and
               Shawn Bowers and
               Steven P. Callahan and
               George Chin Jr. and
               Ben Clifford and
               Shirley Cohen and
               Sarah Cohen Boulakia and
               Susan B. Davidson and
               Ewa Deelman and
               Luciano A. Digiampietri and
               Ian T. Foster and
               Juliana Freire and
               James Frew and
               Joe Futrelle and
               Tara Gibson and
               Yolanda Gil and
               Carole A. Goble and
               Jennifer Golbeck and
               Paul T. Groth and
               David A. Holland and
               Sheng Jiang and
               Jihie Kim and
               David Koop and
               Ales Krenek and
               Timothy M. McPhillips and
               Gaurang Mehta and
               Simon Miles and
               Dominic Metzger and
               Steve Munroe and
               Jim Myers and
               Beth Plale and
               Norbert Podhorszki and
               Varun Ratnakar and
               Emanuele Santos and
               Carlos Eduardo Scheidegger and
               Karen Schuchardt and
               Margo I. Seltzer and
               Yogesh L. Simmhan and
               Cl{\'{a}}udio T. Silva and
               Peter Slaughter and
               Eric G. Stephan and
               Robert Stevens and
               Daniele Turi and
               Huy T. Vo and
               Michael Wilde and
               Jun Zhao and
               Yong Zhao},
  title     = {Special Issue: The First Provenance Challenge},
  journal   = {Concurrency and Computation: Practice and Experience},
  volume    = {20},
  number    = {5},
  pages     = {409--418},
  year      = {2008},
  url       = {https://doi.org/10.1002/cpe.1233},
  doi       = {10.1002/cpe.1233},
  timestamp = {Mon, 21 Jan 2019 12:58:07 +0100},
  biburl    = {https://dblp.org/rec/bib/journals/concurrency/MoreauLA08},
  bibsource = {dblp computer science bibliography, https://dblp.org}
}

  @article{DBLP:journals/corr/abs-1803-09010,
  author    = {Timnit Gebru and
               Jamie Morgenstern and
               Briana Vecchione and
               Jennifer Wortman Vaughan and
               Hanna M. Wallach and
               Hal Daum{\'{e}} III and
               Kate Crawford},
  title     = {Datasheets for Datasets},
  journal   = {CoRR},
  volume    = {abs/1803.09010},
  year      = {2018},
  url       = {http://arxiv.org/abs/1803.09010},
  archivePrefix = {arXiv},
  eprint    = {1803.09010},
  timestamp = {Mon, 20 Aug 2018 15:16:09 +0200},
  biburl    = {https://dblp.org/rec/bib/journals/corr/abs-1803-09010},
  bibsource = {dblp computer science bibliography, https://dblp.org}
}

@misc{op,
   title = {Open Provenance},
   howpublished = "\url{https://openprovenance.org}",
   note = "[Online; accessed 14-August-2019]"
}

  @misc{Vermont,
    author = {{Vermont General Assembly}},
    title = {{An act relating to the creation of the Artificial Intelligence Task Force}},
    howpublished = "\url{https://legislature.idaho.gov/wp-content/uploads/sessioninfo/2019/legislation/H0118A2.pdf}",
    year = {2018},
    note = "[Online; accessed 15-August-2019]"
  }
  
  @misc{Idaho,
    author = {{The Idaho house of Representatives}},
    title = {{House Bill No. 118}},
    howpublished = "\url{https://legislature.vermont.gov/bill/status/2018/H.378}",
    year = {2019},
    note = "[Online; accessed 15-August-2019]"
  }
  
  @misc{BookerWydenClarke,
     author = {{Cory Booker, Ron Wyden, Yvette Clarke}},
    title = {{Algorithmic Accountability Act}},
    howpublished = "\url{https://www.wyden.senate.gov/imo/media/doc/Algorithmic\%20Accountability\%20Act\%20of\%202019\%20Bill\%20Text.pdf}",
    year = {2019},
    note = "[Online; accessed 3-May-2019]"
  }
  
  @inproceedings{DBLP:conf/sigmod/AsudehJS019,
  author    = {Abolfazl Asudeh and
               H. V. Jagadish and
               Julia Stoyanovich and
               Gautam Das},
  title     = {Designing Fair Ranking Schemes},
  booktitle = {Proceedings of the 2019 International Conference on Management of
               Data, {SIGMOD} Conference 2019, Amsterdam, The Netherlands, June 30
               - July 5, 2019.},
  pages     = {1259--1276},
  year      = {2019},
  crossref  = {DBLP:conf/sigmod/2019},
  url       = {https://doi.org/10.1145/3299869.3300079},
  doi       = {10.1145/3299869.3300079},
  timestamp = {Sat, 22 Jun 2019 17:10:04 +0200},
  biburl    = {https://dblp.org/rec/bib/conf/sigmod/AsudehJS019},
  bibsource = {dblp computer science bibliography, https://dblp.org}
}

@article{DBLP:journals/pvldb/AsudehJMS18,
  author    = {Abolfazl Asudeh and
               H. V. Jagadish and
               Gerome Miklau and
               Julia Stoyanovich},
  title     = {On Obtaining Stable Rankings},
  journal   = {{PVLDB}},
  volume    = {12},
  number    = {3},
  pages     = {237--250},
  year      = {2018},
  url       = {http://www.vldb.org/pvldb/vol12/p237-asudeh.pdf},
  timestamp = {Mon, 28 Jan 2019 17:20:50 +0100},
  biburl    = {https://dblp.org/rec/bib/journals/pvldb/AsudehJMS18},
  bibsource = {dblp computer science bibliography, https://dblp.org}
}

@inproceedings{DBLP:conf/ijcai/YangGS19,
  author    = {Ke Yang and
               Vasilis Gkatzelis and
               Julia Stoyanovich},
  title     = {Balanced Ranking with Diversity Constraints},
  booktitle = {Proceedings of the Twenty-Eighth International Joint Conference on
               Artificial Intelligence, {IJCAI} 2019, Macao, China, August 10-16,
               2019},
  pages     = {6035--6042},
  year      = {2019},
  crossref  = {DBLP:conf/ijcai/2019},
  url       = {https://doi.org/10.24963/ijcai.2019/836},
  doi       = {10.24963/ijcai.2019/836},
  timestamp = {Wed, 07 Aug 2019 12:03:58 +0200},
  biburl    = {https://dblp.org/rec/bib/conf/ijcai/YangGS19},
  bibsource = {dblp computer science bibliography, https://dblp.org}
}

@article{CitronP14,
  title = {The Scored Society: Due Process for Automated Predictions},
  author = {Danielle K. Citron and Frank A. Pasquale},
  journal = {Washington Law Review},
  volume = {89},
  year = {2014}
}

@article{diversity,
 author    = {Marina Drosou and HV Jagadish and Evaggelia Pitoura and Julia Stoyanovich},
 title     = {Diversity in {Big Data}: A Review},
 year      = {2017},
 journal   = {Big Data},
 publisher = {Mary Ann Liebert, Inc.},
 volume = {5},
 number = {2}
 }
 
 @article{gladwell,
 author = {Malcolm Gladwell},
 title = {The order of things},
 year = {February 14, 2011},
 journal = {The New Yorker},
 url = {https://www.newyorker.com/magazine/2011/02/14/the-order-of-things}
}

@inproceedings{DBLP:conf/edbt/StoyanovichAM11,
  author    = {Julia Stoyanovich and
               Sihem Amer{-}Yahia and
               Tova Milo},
  title     = {Making interval-based clustering rank-aware},
  booktitle = {{EDBT} 2011, 14th International Conference on Extending Database Technology,
               Uppsala, Sweden, March 21-24, 2011, Proceedings},
  pages     = {437--448},
  year      = {2011},
  crossref  = {DBLP:conf/edbt/2011},
  url       = {https://doi.org/10.1145/1951365.1951417},
  doi       = {10.1145/1951365.1951417},
  timestamp = {Tue, 06 Nov 2018 16:59:06 +0100},
  biburl    = {https://dblp.org/rec/bib/conf/edbt/StoyanovichAM11},
  bibsource = {dblp computer science bibliography, https://dblp.org}
}

@inproceedings{DBLP:conf/ssdbm/YangS17,
  author    = {Ke Yang and
               Julia Stoyanovich},
  title     = {Measuring Fairness in Ranked Outputs},
  booktitle = {Proceedings of the 29th International Conference on Scientific and
               Statistical Database Management, Chicago, IL, USA, June 27-29, 2017},
  pages     = {22:1--22:6},
  year      = {2017},
  crossref  = {DBLP:conf/ssdbm/2017},
  url       = {https://doi.org/10.1145/3085504.3085526},
  doi       = {10.1145/3085504.3085526},
  timestamp = {Tue, 06 Nov 2018 16:57:31 +0100},
  biburl    = {https://dblp.org/rec/bib/conf/ssdbm/YangS17},
  bibsource = {dblp computer science bibliography, https://dblp.org}
}

@inproceedings{DBLP:conf/edbt/StoyanovichYJ18,
  author    = {Julia Stoyanovich and
               Ke Yang and
               H. V. Jagadish},
  title     = {Online Set Selection with Fairness and Diversity Constraints},
  booktitle = {Proceedings of the 21th International Conference on Extending Database
               Technology, {EDBT} 2018, Vienna, Austria, March 26-29, 2018.},
  pages     = {241--252},
  year      = {2018},
  crossref  = {DBLP:conf/edbt/2018},
  url       = {https://doi.org/10.5441/002/edbt.2018.22},
  doi       = {10.5441/002/edbt.2018.22},
  timestamp = {Fri, 16 Mar 2018 23:12:22 +0100},
  biburl    = {https://dblp.org/rec/bib/conf/edbt/StoyanovichYJ18},
  bibsource = {dblp computer science bibliography, https://dblp.org}
}

@article{2019-draco,
 title = {Formalizing Visualization Design Knowledge as Constraints: Actionable and Extensible Models in Draco},
 author = {Dominik Moritz AND Chenglong Wang AND Gregory Nelson AND Halden Lin AND Adam M. Smith AND Bill Howe AND Jeffrey Heer},
 journal = {IEEE Trans. Visualization \& Comp. Graphics (Proc. InfoVis)},
 year = {2019},
 url = {http://idl.cs.washington.edu/papers/draco},
}

@inproceedings{DBLP:conf/sigmod/KeyHPA12,
  author    = {Alicia Key and
               Bill Howe and
               Daniel Perry and
               Cecilia R. Aragon},
  title     = {VizDeck: self-organizing dashboards for visual analytics},
  booktitle = {Proceedings of the {ACM} {SIGMOD} International Conference on Management
               of Data, {SIGMOD} 2012, Scottsdale, AZ, USA, May 20-24, 2012},
  pages     = {681--684},
  year      = {2012},
  crossref  = {DBLP:conf/sigmod/2012},
  url       = {https://doi.org/10.1145/2213836.2213931},
  doi       = {10.1145/2213836.2213931},
  timestamp = {Tue, 06 Nov 2018 11:07:39 +0100},
  biburl    = {https://dblp.org/rec/bib/conf/sigmod/KeyHPA12},
  bibsource = {dblp computer science bibliography, https://dblp.org}
}


@article{DBLP:journals/tvcg/QuH18,
  author    = {Zening Qu and
               Jessica Hullman},
  title     = {Keeping Multiple Views Consistent: Constraints, Validations, and Exceptions
               in Visualization Authoring},
  journal   = {{IEEE} Trans. Vis. Comput. Graph.},
  volume    = {24},
  number    = {1},
  pages     = {468--477},
  year      = {2018},
  url       = {https://doi.org/10.1109/TVCG.2017.2744198},
  doi       = {10.1109/TVCG.2017.2744198},
  timestamp = {Wed, 14 Nov 2018 10:22:01 +0100},
  biburl    = {https://dblp.org/rec/bib/journals/tvcg/QuH18},
  bibsource = {dblp computer science bibliography, https://dblp.org}
}

@article{DBLP:journals/tvcg/SatyanarayanMWH17,
  author    = {Arvind Satyanarayan and
               Dominik Moritz and
               Kanit Wongsuphasawat and
               Jeffrey Heer},
  title     = {Vega-Lite: {A} Grammar of Interactive Graphics},
  journal   = {{IEEE} Trans. Vis. Comput. Graph.},
  volume    = {23},
  number    = {1},
  pages     = {341--350},
  year      = {2017},
  url       = {https://doi.org/10.1109/TVCG.2016.2599030},
  doi       = {10.1109/TVCG.2016.2599030},
  timestamp = {Wed, 14 Nov 2018 10:22:03 +0100},
  biburl    = {https://dblp.org/rec/bib/journals/tvcg/SatyanarayanMWH17},
  bibsource = {dblp computer science bibliography, https://dblp.org}
}

@article{DBLP:journals/tog/Mackinlay86,
  author    = {Jock D. Mackinlay},
  title     = {Automating the Design of Graphical Presentations of Relational Information},
  journal   = {{ACM} Trans. Graph.},
  volume    = {5},
  number    = {2},
  pages     = {110--141},
  year      = {1986},
  url       = {https://doi.org/10.1145/22949.22950},
  doi       = {10.1145/22949.22950},
  timestamp = {Tue, 06 Nov 2018 12:51:25 +0100},
  biburl    = {https://dblp.org/rec/bib/journals/tog/Mackinlay86},
  bibsource = {dblp computer science bibliography, https://dblp.org}
}

@phdthesis{DBLP:phd/de/Gebser2011,
  author    = {Martin Gebser},
  title     = {Proof theory and algorithms for answer set programming},
  school    = {University of Potsdam},
  year      = {2011},
  url       = {http://opus.kobv.de/ubp/volltexte/2011/5542/},
  urn       = {urn:nbn:de:kobv:517-opus-55425},
  timestamp = {Tue, 12 Apr 2016 18:22:25 +0200},
  biburl    = {https://dblp.org/rec/bib/phd/de/Gebser2011},
  bibsource = {dblp computer science bibliography, https://dblp.org}
}

@inproceedings{DBLP:conf/sigmod/YangSAHJM18,
  author    = {Ke Yang and
               Julia Stoyanovich and
               Abolfazl Asudeh and
               Bill Howe and
               H. V. Jagadish and
               Gerome Miklau},
  title     = {A Nutritional Label for Rankings},
  booktitle = {Proceedings of the 2018 International Conference on Management of
               Data, {SIGMOD} Conference 2018, Houston, TX, USA, June 10-15, 2018},
  pages     = {1773--1776},
  year      = {2018},
  crossref  = {DBLP:conf/sigmod/2018},
  url       = {https://doi.org/10.1145/3183713.3193568},
  doi       = {10.1145/3183713.3193568},
  timestamp = {Wed, 21 Nov 2018 12:44:08 +0100},
  biburl    = {https://dblp.org/rec/bib/conf/sigmod/YangSAHJM18},
  bibsource = {dblp computer science bibliography, https://dblp.org}
}

@inproceedings{DBLP:conf/ssdbm/YangS17,
  author    = {Ke Yang and
               Julia Stoyanovich},
  title     = {Measuring Fairness in Ranked Outputs},
  booktitle = {SSDBM},
  pages     = {22:1--22:6},
  year      = {2017},
  url       = {http://doi.acm.org/10.1145/3085504.3085526},
  doi       = {10.1145/3085504.3085526},
  timestamp = {Mon, 12 Jun 2017 15:11:20 +0200},
  biburl    = {http://dblp.org/rec/bib/conf/ssdbm/YangS17},
  bibsource = {dblp computer science bibliography, http://dblp.org}
}

@article{DBLP:journals/datamine/Zliobaite17,
  author    = {Indre Zliobaite},
  title     = {Measuring discrimination in algorithmic decision making},
  journal   = {Data Min. Knowl. Discov.},
  volume    = {31},
  number    = {4},
  pages     = {1060--1089},
  year      = {2017},
  url       = {https://doi.org/10.1007/s10618-017-0506-1},
  doi       = {10.1007/s10618-017-0506-1},
  timestamp = {Wed, 26 Jul 2017 16:39:52 +0200},
  biburl    = {http://dblp.org/rec/bib/journals/datamine/Zliobaite17},
  bibsource = {dblp computer science bibliography, http://dblp.org}
}

@inproceedings{DBLP:conf/cikm/ZehlikeB0HMB17,
  author    = {Meike Zehlike and
               Francesco Bonchi and
               Carlos Castillo and
               Sara Hajian and
               Mohamed Megahed and
               Ricardo A. Baeza{-}Yates},
  title     = {{FA*IR}: {A} Fair Top-k Ranking Algorithm},
  booktitle = {Proceedings of the 2017 {ACM} on Conference on Information and Knowledge
               Management, {CIKM} 2017, Singapore, November 06 - 10, 2017},
  pages     = {1569--1578},
  year      = {2017},
  crossref  = {DBLP:conf/cikm/2017},
  url       = {https://doi.org/10.1145/3132847.3132938},
  doi       = {10.1145/3132847.3132938},
  timestamp = {Tue, 06 Nov 2018 16:57:50 +0100},
  biburl    = {https://dblp.org/rec/bib/conf/cikm/ZehlikeB0HMB17},
  bibsource = {dblp computer science bibliography, https://dblp.org}
}

@inproceedings{DBLP:conf/icse/KoeneDS18,
  author    = {Ansgar R. Koene and
               Liz Dowthwaite and
               Suchana Seth},
  title     = {{IEEE} P7003{\texttrademark} standard for algorithmic bias considerations:
               work in progress paper},
  booktitle = {Proceedings of the International Workshop on Software Fairness, FairWare@ICSE
               2018, Gothenburg, Sweden, May 29, 2018},
  pages     = {38--41},
  year      = {2018},
  crossref  = {DBLP:conf/icse/2018fairware},
  url       = {https://doi.org/10.1145/3194770.3194773},
  doi       = {10.1145/3194770.3194773},
  timestamp = {Wed, 21 Nov 2018 12:43:59 +0100},
  biburl    = {https://dblp.org/rec/bib/conf/icse/KoeneDS18},
  bibsource = {dblp computer science bibliography, https://dblp.org}
}

@inproceedings{sun2019mithralabel,
	Author = {Sun, Chenkai and Asudeh, Abolfazl and Jagadish, H. V. and Howe, Bill and Stoyanovich, Julia},
	Booktitle = {Proceedings of the 28th {ACM} International Conference on Information
               and Knowledge Management ({CIKM})},
	Title = {{MithraLabel}: Flexible Dataset Nutritional Labels for Responsible Data Science},
	Year = {2019}
}