@inproceedings{non-active-learning1,
  title={Flock: Hybrid crowd-machine learning classifiers},
  author={Cheng, Justin and Bernstein, Michael S},
  booktitle={Proceedings of the 18th ACM Conference on Computer Supported Cooperative Work \& Social Computing},
  pages={600--611},
  year={2015},
  organization={ACM}
}

@article{repeated-labeling,
  title={Repeated labeling using multiple noisy labelers},
  author={Ipeirotis, Panagiotis G and Provost, Foster and Sheng, Victor S and Wang, Jing},
  journal={Data Mining and Knowledge Discovery},
  volume={28},
  number={2},
  pages={402--441},
  year={2014},
  publisher={Springer}
}

@inproceedings{active-learning-cs1,
  title={Active learning from crowds},
  author={Yan, Yan and Fung, Glenn M and Rosales, R{\'o}mer and Dy, Jennifer G},
  booktitle={Proceedings of the 28th international conference on machine learning (ICML-11)},
  pages={1161--1168},
  year={2011}
}

@article{active-learning-cs2,
  title={Large-scale live active learning: Training object detectors with crawled data and crowds},
  author={Vijayanarasimhan, Sudheendra and Grauman, Kristen},
  journal={International Journal of Computer Vision},
  volume={108},
  number={1-2},
  pages={97--114},
  year={2014},
  publisher={Springer}
}



@inproceedings{workflow1,
  title={Dynamically switching between synergistic workflows for crowdsourcing},
  author={Lin, Christopher H and Daniel, Mausam and Weld, S},
  booktitle={In Proceedings of the 26th AAAI Conference on Artificial Intelligence, AAAIâ€™12},
  year={2012},
  organization={Citeseer}
}


@inproceedings{workflow2,
  title={Collaboratively crowdsourcing workflows with turkomatic},
  author={Kulkarni, Anand and Can, Matthew and Hartmann, Bj{\"o}rn},
  booktitle={Proceedings of the ACM 2012 conference on Computer Supported Cooperative Work},
  pages={1003--1012},
  year={2012},
  organization={ACM}
}


@inproceedings{workflow3,
  title={Turkomatic: automatic recursive task and workflow design for mechanical turk},
  author={Kulkarni, Anand P and Can, Matthew and Hartmann, Bjoern},
  booktitle={CHI'11 Extended Abstracts on Human Factors in Computing Systems},
  pages={2053--2058},
  year={2011},
  organization={ACM}
}

@inproceedings{workflow4,
  title={Soylent: a word processor with a crowd inside},
  author={Bernstein, Michael S and Little, Greg and Miller, Robert C and Hartmann, Bj{\"o}rn and Ackerman, Mark S and Karger, David R and Crowell, David and Panovich, Katrina},
  booktitle={Proceedings of the 23nd annual ACM symposium on User interface software and technology},
  pages={313--322},
  year={2010},
  organization={ACM}
}

@inproceedings{workflow5,
  title={Human computation tasks with global constraints},
  author={Zhang, Haoqi and Law, Edith and Miller, Rob and Gajos, Krzysztof and Parkes, David and Horvitz, Eric},
  booktitle={Proceedings of the SIGCHI Conference on Human Factors in Computing Systems},
  pages={217--226},
  year={2012},
  organization={ACM}
}



@article{decl1,
  title={CrowdOp: Query Optimization for Declarative Crowdsourcing Systems},
  author={Fan, Ju and Zhang, Meihui and Kok, Stanley and Lu, Meiyu and Ooi, Beng Chin},
  publisher={IEEE}
}

@inproceedings{decl2,
  title={CrowdDB: answering queries with crowdsourcing},
  author={Franklin, Michael J and Kossmann, Donald and Kraska, Tim and Ramesh, Sukriti and Xin, Reynold},
  booktitle={Proceedings of the 2011 ACM SIGMOD International Conference on Management of data},
  pages={61--72},
  year={2011},
  organization={ACM}
}

@inproceedings{decl3,
  title={Making collective wisdom wiser},
  author={Milo, Tova},
  booktitle={Database and Expert Systems Applications},
  pages={7--8},
  year={2013},
  organization={Springer}
}


@article{decl4,
  title={CyLog/Crowd4U: a declarative platform for complex data-centric crowdsourcing},
  author={Morishima, Atsuyuki and Shinagawa, Norihide and Mitsuishi, Tomomi and Aoki, Hideto and Fukusumi, Shun},
  journal={Proceedings of the VLDB Endowment},
  volume={5},
  number={12},
  pages={1918--1921},
  year={2012},
  publisher={VLDB Endowment}
}


@article{decl5,
  title={Deco: A system for declarative crowdsourcing},
  author={Park, Hyunjung and Garcia-Molina, Hector and Pang, Richard and Polyzotis, Neoklis and Parameswaran, Aditya and Widom, Jennifer},
  journal={Proceedings of the VLDB Endowment},
  volume={5},
  number={12},
  pages={1990--1993},
  year={2012},
  publisher={VLDB Endowment}
}


@article{decl6,
  title={An overview of the deco system: data model and query language; query processing and optimization},
  author={Park, Hyunjung and Pang, Richard and Parameswaran, Aditya and Garcia-Molina, Hector and Polyzotis, Neoklis and Widom, Jennifer},
  journal={ACM SIGMOD Record},
  volume={41},
  number={4},
  pages={22--27},
  year={2013},
  publisher={ACM}
}

@inproceedings{al1,
  title={A sequential algorithm for training text classifiers},
  author={Lewis, David D and Gale, William A},
  booktitle={Proceedings of the 17th annual international ACM SIGIR conference on Research and development in information retrieval},
  pages={3--12},
  year={1994},
  organization={Springer-Verlag New York, Inc.}
}


@article{al2,
  title={On a measure of the information provided by an experiment},
  author={Lindley, Dennis V},
  journal={The Annals of Mathematical Statistics},
  pages={986--1005},
  year={1956},
  publisher={JSTOR}
}

@article{error-reduction,
  title={Toward optimal active learning through monte carlo estimation of error reduction},
  author={Roy, Nicholas and McCallum, Andrew},
  journal={ICML, Williamstown},
  pages={441--448},
  year={2001}
}

@inproceedings{model-change,
  title={Multiple-instance active learning},
  author={Settles, Burr and Craven, Mark and Ray, Soumya},
  booktitle={Advances in neural information processing systems},
  pages={1289--1296},
  year={2008}
}

@article{variance-reduction,
  title={Neural networks and the bias/variance dilemma},
  author={Geman, Stuart and Bienenstock, Elie and Doursat, Ren{\'e}},
  journal={Neural computation},
  volume={4},
  number={1},
  pages={1--58},
  year={1992},
  publisher={MIT Press}
}

@inproceedings{densityweightedmethod,
  title={An analysis of active learning strategies for sequence labeling tasks},
  author={Settles, Burr and Craven, Mark},
  booktitle={Proceedings of the conference on empirical methods in natural language processing},
  pages={1070--1079},
  year={2008},
  organization={Association for Computational Linguistics}
}

@article{qbc-3,
  title={Selective sampling using the query by committee algorithm},
  author={Freund, Yoav and Seung, H Sebastian and Shamir, Eli and Tishby, Naftali},
  journal={Machine learning},
  volume={28},
  number={2-3},
  pages={133--168},
  year={1997},
  publisher={Springer}
}

@article{vc-dimension,
  title={On the uniform convergence of relative frequencies of events to their probabilities},
  author={Vapnik, Vladimir N and Chervonenkis, A Ya},
  journal={Theory of Probability \& Its Applications},
  volume={16},
  number={2},
  pages={264--280},
  year={1971},
  publisher={SIAM}
}

@inproceedings{motiv1,
  title={More than fun and money. Worker Motivation in Crowdsourcing-A Study on Mechanical Turk.},
  author={Kaufmann, Nicolas and Schulze, Thimo and Veit, Daniel},
  booktitle={AMCIS},
  volume={11},
  pages={1--11},
  year={2011}
}


@article{motiv2,
  title={Breaking monotony with meaning: Motivation in crowdsourcing markets},
  author={Chandler, Dana and Kapelner, Adam},
  journal={Journal of Economic Behavior \& Organization},
  volume={90},
  pages={123--133},
  year={2013},
  publisher={Elsevier}
}

@inproceedings{motiv3,
  title={Designing incentives for inexpert human raters},
  author={Shaw, Aaron D and Horton, John J and Chen, Daniel L},
  booktitle={Proceedings of the ACM 2011 conference on Computer supported cooperative work},
  pages={275--284},
  year={2011},
  organization={ACM}
}








@inproceedings{qbc1,
  title={Query by committee},
  author={Seung, H Sebastian and Opper, Manfred and Sompolinsky, Haim},
  booktitle={Proceedings of the fifth annual workshop on Computational learning theory},
  pages={287--294},
  year={1992},
  organization={ACM}
}



@article{al-survey,
  title={Active learning literature survey},
  author={Settles, Burr},
  journal={University of Wisconsin, Madison},
  volume={52},
  number={55-66},
  pages={11},
  year={2010}
}

@article{entropy,
  title={A note on the concept of entropy},
  author={Shannon, Claude E},
  journal={Bell System Tech. J},
  volume={27},
  pages={379--423},
  year={1948}
}

@incollection{korner2006multi,
  title={Multi-class ensemble-based active learning},
  author={K{\"o}rner, Christine and Wrobel, Stefan},
  booktitle={Machine Learning: ECML 2006},
  pages={687--694},
  year={2006},
  publisher={Springer}
}

@inproceedings{qbc2,
  title={Employing EM in pool-based active learning for text classification},
  author={Nigam, Kamal and McCallum, Andrew},
  booktitle={Proceedings of ICML-98, 15th International Conference on Machine Learning},
  year={1998}
}

@article{al4,
  title={Learning cost-sensitive active classifiers},
  author={Greiner, Russell and Grove, Adam J and Roth, Dan},
  journal={Artificial Intelligence},
  volume={139},
  number={2},
  pages={137--174},
  year={2002},
  publisher={Elsevier}
}

@inproceedings{al-dtree,
  title={Decision trees with minimal costs},
  author={Ling, Charles X and Yang, Qiang and Wang, Jianning and Zhang, Shichao},
  booktitle={Proceedings of the twenty-first international conference on Machine learning},
  pages={69},
  year={2004},
  organization={ACM}
}

@book{al-clus1,
  title={Pattern classification},
  author={Duda, Richard O and Hart, Peter E and Stork, David G},
  year={2012},
  publisher={John Wiley \& Sons}
}

@article{al-clus2,
  title={Active data clustering},
  author={Hofmann, Thomas and Buhmann, Joachim M},
  journal={Advances in Neural Information Processing Systems},
  pages={528--534},
  year={1998},
  publisher={MORGAN KAUFMANN PUBLISHERS}
}

@inproceedings{al-clus3,
  title={Active semi-supervised fuzzy clustering for image database categorization},
  author={Grira, Nizar and Crucianu, Michel and Boujemaa, Nozha},
  booktitle={Proceedings of the 7th ACM SIGMM international workshop on Multimedia information retrieval},
  pages={9--16},
  year={2005},
  organization={ACM}
}

@inproceedings{al-clus4,
  title={Text clustering with extended user feedback},
  author={Huang, Yifen and Mitchell, Tom M},
  booktitle={Proceedings of the 29th annual international ACM SIGIR conference on Research and development in information retrieval},
  pages={413--420},
  year={2006},
  organization={ACM}
}





