% Partitioning
@article{manegold2002optimizing,
	title={Optimizing main-memory join on modern hardware},
	author={Manegold, Stefan and Boncz, Peter and Kersten, Martin},
	journal={IEEE TKDE'02},
	volume={14},
	number={4},
	pages={709--730},
	year={2002}
}

@inproceedings{balkesen2013main,
	title={Main-memory hash joins on multi-core CPUs: Tuning to the underlying hardware},
	author={Balkesen, Cagri and Teubner, Jens and Alonso, Gustavo and {\"O}zsu, M Tamer},
	booktitle={ICDE'13},
}

@article{balkesen2013multi,
	title={Multi-core, main-memory joins: Sort vs. hash revisited},
	author={Balkesen, Cagri and Alonso, Gustavo and Teubner, Jens and {\"O}zsu, M Tamer},
	journal={PVLDB},
	volume={7},
	number={1},
	pages={85--96},
	year={2013}
}

@article{barber2014memory,
	title={Memory-efficient hash joins},
	author={Barber, Ronald and Lohman, G and Pandis, Ippokratis and others},
	journal={PVLDB},
	volume={8},
	number={4},
	pages={353--364},
	year={2014}
}

@incollection{lang2015massively,
	title={Massively parallel NUMA-aware hash joins},
	author={Lang, Harald and Leis, Viktor and Albutiu, Martina-Cezara and Neumann, Thomas and Kemper, Alfons},
	booktitle={IMDM'15},
}


@inproceedings{schuh2016experimental,
	title={{An Experimental Comparison of Thirteen Relational Equi-Joins in Main Memory}},
	author={Schuh, Stefan and Chen, Xiao and Dittrich, Jens},
	booktitle={SIGMOD'16},
}

@inproceedings{papadias2003SIGMOD,
	title={{An Optimal and Progressive Algorithm for Skyline Queries}},
	author={Papadias, Dimitris and Tao, Yufei and Fu, Greg and Seeger, Bernhard},
	booktitle={SIGMOD'03},
}

@inproceedings{shamsul2012iccta,
	title={{Skyline Sets Queries from Databases with Missing Values}},
	author={Arefin, Mohammad S. and Morimoto, Yasuhiko},
	booktitle={ICCTA'12},
}

@inproceedings{lofi2013EDBT,
	title={{Skyline Queries in Crowd-Enabled Databases}},
	author={Lofi, Christoph and El Maarry, Kinda and Balke, Wolf-Tilo},
	booktitle={EDBT'13},
}


@article{liu2012,
	title={{U-Skyline: A New Skyline Query for Uncertain Databases}},
	author={Liu, Xingji and Yang, De-Nian and Ye, Mao and Lee, Wang-Chien},
	journal={KDE},
	volume={25},
	number={4},
	pages={945--960},
	year={2012}
}

@inproceedings{wassenberg2011engineering,
	title={Engineering a multi-core radix sort},
	author={Wassenberg, Jan and Sanders, Peter},
	booktitle={Euro-Par'11},
}

@article{jha2015improving,
  title={{Improving main memory hash joins on intel xeon phi processors: An experimental approach}},
  author={Jha, Saurabh and He, Bingsheng and Lu, Mian and Cheng, Xuntao and Huynh, Huynh Phung},
  journal={PVLDB},
  volume={8},
  number={6},
  pages={642--653},
  year={2015}
}

@article{he2013revisiting,
  title={Revisiting co-processing for hash joins on the coupled cpu-gpu architecture},
  author={He, Jiong and Lu, Mian and He, Bingsheng},
  journal={PVLDB},
  volume={6},
  number={10},
  pages={889--900},
  year={2013},
}

@inproceedings{wang2015study,
  title={A study of data partitioning on OpenCL-based FPGAs},
  author={Wang, Zeke and He, Bingsheng and Zhang, Wei},
  booktitle={FPL'15},
}

@inproceedings{kara2017fpga,
	title={FPGA-Based Data Partitioning},
	author={Kara, Kaan and Giceva, Jana and Alonso, Gustavo},
	booktitle={SIGMOD'17},
}

%DTree
@inproceedings{owaidafpl2017,
	title={Scalable Inference of Decision Tree Ensembles: Flexible Design for {CPU-FPGA} Platforms},
	author={Owaida, Muhsen and Zhang, Hantian and Zhang, Ce and Alonso, Gustavo},
	booktitle={FPL'17},
}
@inproceedings{owaidafpl2018, 
author={Owaida, Muhsen and Alonso, Gustavo}, 
booktitle={FPL'17},
title={{Application Partitioning on FPGA Clusters: Inference over Decision Tree Ensembles}}, 
}

 @INPROCEEDINGS{essenfccm12,
 	author		= {Essen, Brian Van and Macaraeg, Chris and Gokhale, Maya and Prenger, Ryan},
 	booktitle	= {20th IEEE International Symposium on
Field-Programmable Custom Computing Machines (FCCM'12)},
	year={2012},
 	title			= {Accelerating a Random Forest Classifier: Multi-Core, {GP-GPU}, or {FPGA}?},
 }
 @INPROCEEDINGS{yun2014,
 	author = {Qu, Yun R. and Prasanna, Viktor K. },
 	booktitle = {HPEC'14},
 	title = {Scalable and dynamically updatable lookup engine for decision-trees on {FPGA}},
 } 
@INPROCEEDINGS{ObergFPL12,
	author = {Oberg, Jason and Eguro, Ken and Bittner, Ray},
	booktitle= {Proceedings of the 22th International Conference on Field Programmable Logic and Applications (FPL'12)},
	year={2012},
	title = {Random decision tree body part recognition using {FPGAs}}
}
@INPROCEEDINGS{chenkdd2016,
	author		= {Chen, Tianqi and Guestrin, Carlos},
	booktitle= {KDD'16},
	title			= {{XGBoost}: A Scalable Tree Boosting System},
}

@article{mehenni2012,
	title={{Data Mining from Multiple Heterogeneous Relational Databases using Decision
	Tree Classification}},
	author={Mehenni, Tahar and Moussaoui, Abdelouahab},
	journal={Pattern Recognition Letters},
	volume={33},
	number={13},
	pages={1768--1775},
	year={2012}
}

@INPROCEEDINGS{guo2007,
	author	  = {Guo, Jing-Feng and Li, Jing and Bian, Wei-Feng},
	booktitle = {ICNC'07},
	title	  = {An Efficient Relational Decision Tree Classification Algorithm},
}

@article{fadila2007,
	author    = {Bentayeb, Fadila and Darmont J\'er\^ome},
	title     = {Decision Tree Modeling with Relational Views},
	journal   = {arxiv},
	volume    = {abs/0705.1455},
	year      = {2007},
}

@INPROCEEDINGS{rehman2007,
	author	  = {Rehman, Nafees U. and Scholl, Marc H.},
	booktitle = {BNCOD'10},
	title	  = {Enabling Decision Tree Classification in Database Systems through Pre-computation},
}

@INPROCEEDINGS{sattler2001,
	author	  = {Sattler, Kai-Uwe and Dunemann, Oliver},
	booktitle = {CIKM'01},
	title	  = {{SQL} Database Primitives for Decision Tree Classifiers},
}

% SGD
@article{hellerstein2012madlib,
	title={The MADlib analytics library: or MAD skills, the SQL},
	author={Hellerstein, Joseph M and R{\'e}, Christoper and Schoppmann, Florian and Wang, Daisy Zhe and Fratkin, Eugene and Gorajek, Aleksander and Ng, Kee Siong and Welton, Caleb and Feng, Xixuan and Li, Kun and others},
	journal={PVLDB},
	volume={5},
	number={12},
	pages={1700--1711},
	year={2012}
}

@inproceedings{passing2017sql,
	title={SQL-and Operator-centric Data Analytics in Relational Main-Memory Databases.},
	author={Passing, Linnea and Then, Manuel and Hubig, Nina and Lang, Harald and Schreier, Michael and G{\"u}nnemann, Stephan and Kemper, Alfons and Neumann, Thomas},
	booktitle={EDBT'17},
}

@inproceedings{aref2015design,
	title={Design and implementation of the LogicBlox system},
	author={Aref, Molham and ten Cate, Balder and Green, Todd J and Kimelfeld, Benny and Olteanu, Dan and Pasalic, Emir and Veldhuizen, Todd L and Washburn, Geoffrey},
	booktitle={SIGMOD'15},
}

@inproceedings{cai2013simulation,
	title={Simulation of database-valued Markov chains using SimSQL},
	author={Cai, Zhuhua and Vagena, Zografoula and Perez, Luis and Arumugam, Subramanian and Haas, Peter J and Jermaine, Christopher},
	booktitle={SIGMOD'13},
}

@article{farber2012sap,
  title={The SAP HANA Database--An Architecture Overview.},
  author={F{\"a}rber, Franz and May, Norman and Lehner, Wolfgang and Gro{\ss}e, Philipp and M{\"u}ller, Ingo and Rauhe, Hannes and Dees, Jonathan},
  journal={IEEE Data Eng. Bull.},
  volume={35},
  number={1},
  pages={28--33},
  year={2012}
}

@article{roldao2010high,
 author = {Roldao, Antonio and Constantinides, George A.},
 title = {A High Throughput FPGA-Based Floating Point Conjugate Gradient Implementation for Dense Matrices},
 journal = {ACM TRETS},
 issue_date = {January 2010},
 volume = {3},
 number = {1},
 month = jan,
 year = {2010},
 pages = {1:1--1:19},
} 

@inproceedings{kesler2011hardware,
  title={{A Hardware Acceleration Technique for Gradient Descent and Conjugate Gradient}},
  author={Kesler, David and Deka, Biplab and Kumar, Rakesh},
  booktitle={SASP'11}
}

@inproceedings{bin2016fpgasvm,
  title={{FPGASVM: A Framework for Accelerating Kernelized Support Vector Machine}},
  author={Bin Rabieah, Mudhar and Bouganis, Christos-Savvas},
  booktitle={BigMine'16}
}


@inproceedings{kara2017fpga2,
	title={FPGA accelerated dense linear machine learning: A precision-convergence trade-off},
	author={Kara, Kaan and Alistarh, Dan and Zhang, Ce and Mutlu, Onur and Alonso, Gustavo},
	booktitle={FCCM'15}
}



@ARTICLE{bowman:reasoning,
    author = {Bowman, Mic and Debray, Saumya K. and Peterson, Larry L.},
    title = {Reasoning About Naming Systems},
    journal = {ACM Trans. Program. Lang. Syst.},
    volume = {15},
    number = {5},
    pages = {795-825},
    month = {November},
    year = {1993},
    doi = {10.1145/161468.161471},
}

@ARTICLE{braams:babel,
    author = {Braams, Johannes},
    title = {Babel, a Multilingual Style-Option System for Use with LaTeX's Standard Document Styles},
    journal = {TUGboat},
    volume = {12},
    number = {2},
    pages = {291-301},
    month = {June},
    year = {1991},
}

@INPROCEEDINGS{clark:pct,
	AUTHOR = "Malcolm Clark",
	TITLE = "Post Congress Tristesse",
	BOOKTITLE = "TeX90 Conference Proceedings",
	PAGES = "84-89",
	ORGANIZATION = "TeX Users Group",
	MONTH = "March", 
	YEAR = {1991}	}

@ARTICLE{herlihy:methodology,
    author = {Herlihy, Maurice},
    title = {A Methodology for Implementing Highly Concurrent Data Objects},
    journal = {ACM Trans. Program. Lang. Syst.},
    volume = {15},
    number = {5},
    pages = {745-770},
    month = {November},
    year = {1993},
    doi = {10.1145/161468.161469},
}

@BOOK{Lamport:LaTeX,
	AUTHOR = "Leslie Lamport",
	TITLE = "LaTeX User's Guide and Document Reference Manual",
	PUBLISHER = "Addison-Wesley Publishing Company",
	ADDRESS = "Reading, Massachusetts",
	YEAR = "1986"	}

@BOOK{salas:calculus,
	AUTHOR = "S.L. Salas and Einar Hille",
	TITLE = "Calculus: One and Several Variable",
	PUBLISHER = "John Wiley and Sons",
	ADDRESS = "New York",
	YEAR = "1978"	}

@MANUAL{Fear05,
  title = 	 {Publication quality tables in {\LaTeX}},
  author =	 {Simon Fear},
  month =	 {April},
  year =	 2005,
  note =	 {\url{http://www.ctan.org/pkg/booktabs}}
}

@Manual{Amsthm15,
  title = 	 {Using the amsthm Package},
  organization = {American Mathematical Society},
  month =	 {April},
  year =	 2015,
  note =	 {\url{http://www.ctan.org/pkg/amsthm}}
}



@inproceedings{sidler2017regex,
  title={Accelerating pattern matching queries in hybrid {CPU}-{FPGA} architectures},
  author={Sidler, David and Istv{\'a}n, Zsolt and Owaida, Muhsen and Alonso, Gustavo},
  booktitle={SIGMOD'17}
}

@INPROCEEDINGS{owaida-fccm2017, 
   	author={Owaida, Muhsen and Sidler, David and Kara, Kan and Alonso, Gustavo}, 
   	booktitle={25th IEEE International Symposium on
Field-Programmable Custom Computing Machines (FCCM'17)}, 
year={2017},
   	title={Centaur: A Framework for Hybrid CPU-FPGA Databases},
}
}

@inproceedings{woods2013fccm,
   	title={Parallel Computation of Skyline Queries},
   	author={Woods, Louis and Alonso, Gustavo and Teubner, Jens},
   	booktitle={21st IEEE International Symposium on
Field-Programmable Custom Computing Machines (FCCM'13)},
year={2013}
}

@techreport{bionicdb2017,
   	author = {Kim, Kangnyeon and  Johnson, Ryan and Pandis, Ippokratis},
   	title = {{BionicDB: A Custom Hardware Approach Towards Fast
   	and Power-Efficient Transaction Processing}},
   	institution = {University of Toronto},
   	date = {2017},
   	number={ut-csrg-634}
}

@inproceedings{mondrian2017,
      	title={The Mondrian Data Engine},
      	author={Drumond, Mario and  Daglis, Alexandros and Mirzadeh,   Nooshin and Ustiugov,  Dmitrii and Picorel, Javier and Falsafi, Babak and Grot, Boris and Pnevmatikatos,  Dionisios},
      	booktitle={ISCA'17}
}


@inproceedings{wisconsin13smartssd,
  title={Query Processing on {S}mart {SSD}s: {O}pportunities and Challenges},
  author={Do, Jaeyoung and Kee, Yang-Suk and Patel, Jignesh M and Park, Chanik and Park, Kwanghyun and DeWitt, David J},
  booktitle = {SIGMOD'13},
}


@misc{netezza,
  author    = {IBM},
  title     = {{IBM Netezza} Data Warehouse Appliances},
  year      = {2012},
  note      = {\url{http://www.ibm.com/software/data/netezza/}}
}

@article{q100,
  title={Q100: The architecture and design of a database processing unit},
  author={Wu, Lisa and Lottarini, Andrea and Paine, Timothy K and Kim, Martha A and Ross, Kenneth A},
  journal={ACM SIGPLAN Notices},
  volume={49},
  number={4},
  pages={255--268},
  year={2014},
  publisher={ACM}
}

@article{salami2017axledb,
  title={AxleDB: A novel programmable query processing platform on FPGA},
  author={Salami, Behzad and Malazgirt, Gorker Alp and Arcas-Abella, Oriol and Yurdakul, Arda and Sonmez, Nehir},
  journal={Microprocessors and Microsystems},
  volume={51},
  pages={142--164},
  year={2017},
  publisher={Elsevier}
}

@article{woods2014ibex,
  title={Ibex: An intelligent storage engine with support for advanced sql offloading},
  author={Woods, Louis and Istv{\'a}n, Zsolt and Alonso, Gustavo},
  journal={PVLDB},
  volume={7},
  number={11},
  pages={963--974},
  year={2014},
}

@inproceedings{haas2016hw,
  title={HW/SW-database-codesign for compressed bitmap index processing},
  author={Haas, Sebastian and Karnagel, Tomas and Arnold, Oliver and Laux, Erik and Schlegel, Benjamin and Fettweis, Gerhard and Lehner, Wolfgang},
  booktitle={ASAP'16},
}

@article{haas2017application,
  title={Application-Specific Architectures for Energy-Efficient Database Query Processing and Optimization},
  author={Haas, Sebastian and Scholze, Stefan and H{\"o}ppner, Sebastian and Ungeth{\"u}m, Annett and Mayr, Christian and Sch{\"u}ffny, Ren{\'e} and Lehner, Wolfgang and Fettweis, Gerhard},
  journal={Microprocessors and Microsystems},
  year={2017},
  publisher={Elsevier}
}

@techreport{mapd,
	author = {Mostak, Todd},
	title = {An overview of {MapD} (massively parallel database)},
	type = {White paper},
	institution = {Massachusetts Institute of Technology},
	date = {April 2013},
	note   = {\url{http://www.smallake.kr/wp-content/uploads/2014/09/mapd_overview.pdf}}
}

@techreport{sqream,
	author = {SQream Technologies},
	title = {SQream DB GPU-Based SQL Database},
	type = {White paper},
	institution = {SQream Technologies},
	date = {2010},
	note   = {\url{http://www.bigdataleadersforum.com/files/sqream_db_tech_whitepaper_web.pdf}}
}

@article{muller2009,
  title={Data processing on FPGAs},
  author={Mueller, Rene and Teubner, Jens and Alonso, Gustavo},
  journal={PVLDB},
  volume={2},
  number={1},
  pages={910--921},
  year={2009}
}

@inproceedings{wang2016fpl,
	title = {Relational Query Processing on {OpenCL}-based {FPGA}s},
	author= {Wang, Zeke and Paul, Johns and Cheah, Hui and He, Bingsheng and Zhang, Wei},	
	booktitle = {Proceedings of the 26th International Conference on Field Programmable Logic and Applications (FPL'16)},
	year={2016}
}
@inproceedings{borzsony2001skyline,
	title = {The Skyline Operator},
	author= {B\"ors\"onyi, Stephan and Kossmann, Donald and Stocker, Konrad},
	booktitle = {IEEE International Conference on Data Engineering (ICDE'01)},
	year={2001}
}

@inproceedings{sukhwani2012,
	title = {Database Analytics Acceleration using {FPGA}s},
	author= {Sukhwani, Bharat and Min, Hong and Thoennes, Mathew and Dube, Parijat and others},
	booktitle = {PACT'12}
}


@inproceedings{masato2014,
	title = {Accelerating {OLAP} Workload on Interconnected {FPGA}s with Flash Storage},
	author= {Yoshimi, Masato and Kudo, Ryu and Oge, Yasin and others},
	booktitle = {CANDAR'14}
}


@inproceedings{gu2016biscuit,
	title = {Biscuit: A Framework for Near-Data Processing of Big Data Workloads},
	author= {Gu, Boncheol and Yoon, Andre Sungho and Bae, Duck-Ho and others},
	booktitle = {ISCA'16}
}

@article{jo2016yoursql,
 author = {Jo, Insoon and Bae, Duck-Ho and Yoon, Andre S. and Kang, Jeong-Uk and Cho, Sangyeun and Lee, Daniel D. G. and Jeong, Jaeheon},
 title = {YourSQL: A High-performance Database System Leveraging In-storage Computing},
 journal = {PVLDB},
 issue_date = {August 2016},
 volume = {9},
 number = {12},
 month = aug,
 year = {2016},
 pages = {924--935},
} 

@inproceedings{jun2015bluedbm,
	title = {BlueDBM: An Appliance for Big Data Analytics},
	author= {Jun, Sang-Woo and Liu, Ming and Lee, Sungjin and Hicks, Jamey and Ankorn, John and King, Myron and Xu, Shuotao and Arvind},
	booktitle = {ISCA'15}
}

@inproceedings{casper2014hardware,
	title={Hardware acceleration of database operations},
	author={Casper, Jared and Olukotun, Kunle},
	booktitle={22nd ACM/SIGDA International Symposium on Field-Programmable Gate Arrays (FPGA'14)},
	year={2014}
}

@article{he2009gpugdb,
	author = {He, Bingsheng and Lu, Mian and Yang, Ke and Fang, Rui and others},
	title = {Relational Query Co-Processing on Graphics Processors},
	journal = {ACM TODS},
	issue_date = {December 2009},
	volume = {34},
	number = {4},
	month = dec,
	year = {2009}
} 

@Inbook{Tamayo2005,
	author={Tamayo, P. and Berger, C. and Campos, M. and Yarmus, J.
	and Milenova, B. and Mozes, A. and Taft, M. and Hornick, M.
	and Krishnan, R. and Thomas, S.	and Kelly, M. and Mukhin, D.
	and Haberstroh, B. and Stephens, S.	and Myczkowski, J.},
	title={Oracle Data Mining},
	bookTitle={Data Mining and Knowledge Discovery Handbook},
	year={2005},
	publisher={Springer US},
	address={Boston, MA},
	pages={1315--1329},
}

@inproceedings{ms-sql-dm, 
	author={A. Netz and S. Chaudhuri and U. Fayyad and J. Bernhardt}, 
	title={Integrating data mining with SQL databases: OLE DB for data mining}, 
	booktitle={IEEE International Conference on Data Engineering (ICDE'01)}, 
	year={2001}
	}
	

@article{Chaudhuri2011,
	author = {Chaudhuri, Surajit and Dayal, Umeshwar and Narasayya, Vivek},
	title = {An Overview of Business Intelligence Technology},
	journal = {ACM Communications},
	volume = {54},
	number = {8},
	month = aug,
	year = {2011},
	pages = {88--98},
} 

@article{KalyvasT17,
	author    = {Kalyvas, Christos  and Tzouramanis, Theodoros },
	title     = {A Survey of Skyline Query Processing},
	journal   = {arxiv},
	volume    = {abs/1704.01788},
	year      = {2017},
}
@inproceedings{Bhattacharya2011,
	author={Bhattacharya, Arnab and Teja, B. Palvali and Dutta, Sourav},
	title={Caching Stars in the Sky: A Semantic Caching Approach to Accelerate Skyline Queries},
	bookTitle={DEXA'11},
}

@inproceedings{Bogh2013,
	author = {B{\o}gh, Kenneth S. and Assent, Ira and Magnani, Matteo},
	title = {Efficient {GPU}-based Skyline Computation},
	booktitle = {DAMON'13},
} 


@INPROCEEDINGS{gupta2011harp, 
	author={Oliver, N. and Sharma, R.R. and Chang, S. and others}, 
	booktitle={ReConFig'11}, 
	title={A Reconfigurable Computing System Based on a Cache-Coherent Fabric},
}

@inproceedings{putnam2014reconfigurable,
  title={A reconfigurable fabric for accelerating large-scale datacenter services},
  author={Putnam, Andrew and Caulfield, Adrian M and Chung, Eric S and Chiou, Derek and others},
  booktitle={ISCA'14},
}

@article{wilhelm2014mass,
	title={Mass-spectrometry-based draft of the human proteome},
	author={Wilhelm, Mathias and Schlegl, Judith and Hahne, Hannes and Gholami, Amin Moghaddas and Lieberenz, Marcus and Savitski, Mikhail M and Ziegler, Emanuel and Butzmann, Lars and Gessulat, Siegfried and Marx, Harald and others},
	journal={Nature},
	volume={509},
	number={7502},
	pages={582--587},
	year={2014},
	publisher={Nature Research}
}

@inproceedings{lopez2016paysim,
	title={PaySim: A financial mobile money simulator for fraud detection},
	author={Lopez-Rojas, Edgar and Elmir, Ahmad and Axelsson, Stefan},
	booktitle={EMSS'16},
}


@INPROCEEDINGS{hung2011gpu-regex, 
	author={Cheng-Hung Lin and Chen-Hsiung Liu and Shih-Chieh Chang}, 
	booktitle={GLOBECOM'11}, 
	title={Accelerating Regular Expression Matching Using Hierarchical Parallel Machines on {GPU}}, 
}


@article{ross2015gpu,
	title={{GPU}-accelerated string matching for database applications},
	author={Sitaridi, Evangelia A. and Ross, Kenneth A.},
	journal={PVLDB},
	issue_date={October 2016},
	volume = {25},
	number = {5},
	year = {2016},
	month=oct,
	pages={719--740}
}

@inproceedings{sitaridi2016simd,
  title={{SIMD}-accelerated regular expression matching},
  author={Sitaridi, Evangelia and Polychroniou, Orestis and Ross, Kenneth A},
  booktitle={DAMON'16},
}

  @inproceedings{schimmel2004network,
  	author = {C. Clark and D. Schimmel},
  	title = {Scalable Pattern Matching for High Speed Networks},
  	booktitle = {FCCM'04},
  }


  @inproceedings{mitra2007snort,
  	author = {A. Mitra and W. Najjar and L. Bhuyan},
  	title = {Compiling {PCRE} to {FPGA} for accelerating SNORT IDS},
  	booktitle = {ANCS'07},
  }

  @inproceedings{prasanna2001regex,
  	author = {R. Sidhu and V. Prasanna},
  	title = {Fast Regular Expression Matching Using {FPGAs}},
  	booktitle ={FCCM'01},
  }

@inproceedings{wisconsinJoins2015,
	title={{Learning Generalized Linear Models Over Normalized Data}},
	author={Kumar, Arun and Naughton, Jeffrey and Patel, Jignesh M.},
	booktitle={SIGMOD'15}
}

@misc{ salimans2014,
	author = {Tim Salimans},
	title  = {{HiggsML}},
	year   = {2014},
	note   = {\url{https://github.com/TimSalimans/HiggsML}}
}
@article{pyhsics2015,
	author = {{LHCb Collaboration}},
	title = {Search for the lepton flavour violating decay $\tau^- \to \mu^-\mu^+\mu^-$},
	journal = {High Energy Physics},
	issue_date = {February 2015},
	volume = {2015},
	number = {121},
	month = feb,
	year = {2015}
} 

@article{andrews2004hybridthreads,
	author = {Andrews, David and Niehaus, Douglas and Jidin, Razali and Finley, Micharl and others},
	title = {Programming Models for Hybrid {FPGA-CPU} Computational Components: A Missing Link},
	journal = {IEEE Micro},
	issue_date = {July 2004},
	volume = {24},
	number = {4},
	month = jul,
	year = {2004}
}

@article{lubbers2009reconos,
	author = {L\"ubbers, Enno and Platzner, Marco},
	title = {{ReconOS}: Multithreaded Programming for Reconfigurable Computers},
	journal = {ACM TECS},
	issue_date = {October 2009},
	volume = {9},
	number = {1},
	month = oct,
	year = {2009}
}



@article{dewitt1990gamma,
  title={The Gamma database machine project},
  author={DeWitt, David J. and Ghandeharizadeh, Shahram and Schneider, Donovan A. and Bricker, Allan and Hsiao, H-I and Rasmussen, Rick},
  journal={IEEE TKDE},
  volume={2},
  number={1},
  pages={44--62},
  year={1990},
  publisher={IEEE}
}


@article{babb1979implementing,
  title={Implementing a relational database by means of specialzed hardware},
  author={Babb, Edward},
  journal={ACM TODS},
  volume={4},
  number={1},
  pages={1--29},
  year={1979},
  publisher={ACM}
}

@inproceedings{fushimi1986overview,
  title={An Overview of The System Software of A Parallel Relational Database Machine GRACE},
  author={Fushimi, Shinya and Kitsuregawa, Masaru and Tanaka, Hidehiko},
  booktitle={PVLDB},
  volume={86},
  pages={209--219},
  year={1986}
}


@inproceedings{polychroniou2014comprehensive,
 author = {Polychroniou, Orestis and Ross, Kenneth A.},
 title = {A Comprehensive Study of Main-memory Partitioning and Its Application to Large-scale Comparison- and Radix-sort},
 booktitle = {SIGMOD '14},
}

@book{jensFPGABook,
	author    = {Jens Teubner and
	             Louis Woods},
	title     = {Data Processing on FPGAs},    
	series    = {Synthesis Lectures on Data Management},
	publisher = {Morgan {\&} Claypool Publishers},
	year      = {2013},
	url       = {http://dx.doi.org/10.2200/S00514ED1V01Y201306DTM035},
	doi       = {10.2200/S00514ED1V01Y201306DTM035},
	isbn      = {9781627050609},
	timestamp = {Tue, 10 Dec 2013 17:04:44 +0100},
	biburl    = {http://dblp.uni-trier.de/rec/bib/series/synthesis/2013Teubner},
	bibsource = {dblp computer science bibliography, http://dblp.org}
}

@inproceedings{umuroglu2017finn,
  title={Finn: A framework for fast, scalable binarized neural network inference},
  author={Umuroglu, Yaman and Fraser, Nicholas J and Gambardella, Giulio and Blott, Michaela and Leong, Philip and Jahre, Magnus and Vissers, Kees},
  booktitle={Proceedings of the 2017 ACM/SIGDA International Symposium on Field-Programmable Gate Arrays},
  pages={65--74},
  year={2017},
  organization={ACM}
}

@inproceedings{nurvitadhi2017can,
  title={Can FPGAs Beat GPUs in Accelerating Next-Generation Deep Neural Networks?},
  author={Nurvitadhi, Eriko and Venkatesh, Ganesh and Sim, Jaewoong and Marr, Debbie and Huang, Randy and Hock, Jason Ong Gee and Liew, Yeong Tat and Srivatsan, Krishnan and Moss, Duncan and Subhaschandra, Suchit and others},
  booktitle={FPGA},
  pages={5--14},
  year={2017}
}
