@article{Hynes2017,
  title={The Data Linter: Lightweight, Automated Sanity Checking for ML Data Sets},
  author={Hynes, Nick and Sculley, D and Terry, Michael},
  journal={NIPS Workshop on Machine Learning Systems},
  year={2017}
}


@article{Stonebraker2018,
  title={Data Integration: The Current Status and the Way Forward.},
  author={Stonebraker, Michael and Ilyas, Ihab F},
  journal={Data Engineering Bulletin},
  volume={41},
  number={2},
  pages={3--9},
  year={2018}
}

@article{Paszke2017,
  title={Automatic differentiation in pytorch},
  author={Paszke, Adam and Gross, Sam and Chintala, Soumith and Chanan, Gregory and Yang, Edward and DeVito, Zachary and Lin, Zeming and Desmaison, Alban and Antiga, Luca and Lerer, Adam},
  year={2017}
}

@article{Mcsherry2015,
  title={Scalability! but at what COST?},
  author={McSherry, Frank and Isard, Michael and Murray, Derek Gordon},
  journal={HotOS},
  volume={15},
  pages={14--14},
  year={2015}
}

@article{Chen2015,
  title={Mxnet: A flexible and efficient machine learning library for heterogeneous distributed systems},
  author={Chen, Tianqi and Li, Mu and Li, Yutian and Lin, Min and Wang, Naiyan and Wang, Minjie and Xiao, Tianjun and Xu, Bing and Zhang, Chiyuan and Zhang, Zheng},
  journal={arXiv preprint arXiv:1512.01274},
  year={2015}
}


@misc{ONNX,
  title = {{ONNX} Open Neural Network Exchange Format},
  year = 2017,
  url = {https://onnx.ai/},
}

@article{contentModeration17,
  author    = {John Pavlopoulos and
               Prodromos Malakasiotis and
               Ion Androutsopoulos},
  title     = {Deeper Attention to Abusive User Content Moderation},
  journal = {{EMNLP}},
  pages     = {1125--1135},
  year      = {2017}
}

@article{Abadi2016,
  title={Tensorflow: a system for large-scale machine learning.},
  author={Abadi, Mart{\'\i}n and Barham, Paul and Chen, Jianmin and Chen, Zhifeng and Davis, Andy and Dean, Jeffrey and Devin, Matthieu and Ghemawat, Sanjay and Irving, Geoffrey and Isard, Michael and others},
  journal={OSDI},
  volume={16},
  pages={265--283},
  year={2016}
}


@article{Sparks2017,
  title={Keystoneml: Optimizing pipelines for large-scale advanced analytics},
  author={Sparks, Evan R and Venkataraman, Shivaram and Kaftan, Tomer and Franklin, Michael J and Recht, Benjamin},
  journal={ICDE},
  pages={535--546},
  year={2017}
}

@article{Zhang2017,
 author = {Zhang, Zhao and Sparks, Evan R. and Franklin, Michael J.},
 title = {Diagnosing Machine Learning Pipelines with Fine-grained Lineage},
 journal = {HPDC},
 year = {2017},
 pages = {143--153}
} 


@article{Vanschoren2014,
  title={OpenML: networked science in machine learning},
  author={Vanschoren, Joaquin and Van Rijn, Jan N and Bischl, Bernd and Torgo, Luis},
  journal={ACM SIGKDD Explorations Newsletter},
  volume={15},
  number={2},
  pages={49--60},
  year={2014}
}

@article{Vartak2016,
  title={Model DB: a system for machine learning model management},
  author={Vartak, Manasi and Subramanyam, Harihar and Lee, Wei-En and Viswanathan, Srinidhi and Husnoo, Saadiyah and Madden, Samuel and Zaharia, Matei},
  journal={SIGMOD Workshop on Human-In-the-Loop Data Analytics},
  pages={14},
  year={2016}
}

@article{Feurer2015,
  title={Initializing Bayesian Hyperparameter Optimization via Meta-Learning.},
  author={Feurer, Matthias and Springenberg, Jost Tobias and Hutter, Frank},
  journal={AAAI},
  pages={1128--1135},
  year={2015}
}

@article{Schelter2018,
  title={Automating large-scale data quality verification},
  author={Schelter, Sebastian and Lange, Dustin and Schmidt, Philipp and Celikel, Meltem and Biessmann, Felix and Grafberger, Andreas},
  journal={PVLDB},
  volume={11},
  number={12},
  pages={1781--1794},
  year={2018}
}

@article{Glucose17,
  author={Mhaskar, Hrushikesh N. and Pereverzyev, Sergei V. and van der Walt, Maria D.},   
  title={A Deep Learning Approach to Diabetic Blood Glucose Prediction},      
  journal={Frontiers in Applied Mathematics and Statistics},      
  volume={3},      
  pages={14},     
  year={2017}      
}

@book{hyndman2007automatic,
  title={Automatic time series for forecasting: the forecast package for R},
  author={Hyndman, Rob J and Khandakar, Yeasmin and others},
  number={6/07},
  year={2007},
  publisher={Monash University, Department of Econometrics and Business Statistics}
}

@article{taylor2017forecasting,
  title={Forecasting at scale},
  author={Taylor, Sean J and Letham, Benjamin},
  journal={The American Statistician},  
  year={2017}
}

@book{Hyndman2008forecasting,
  Author = {Hyndman, Rob and Koehler, Anne B and Ord, J Keith and Snyder, Ralph D},
  Publisher = {Springer Science \& Business Media},
  Title = {Forecasting with exponential smoothing: the state space approach},
  Year = {2008}}

@article{janu2018,
  title={Now available in Amazon SageMaker: DeepAR algorithm for more accurate time series forecasting},
  author={Tim Januschowski and David Arpin and David Salinas and Valentin Flunkert and Jan Gasthaus and Lorenzo Stella and Paul Vazquez},
  journal={https://aws.amazon.com/blogs/machine-learning/now-available-in-amazon-sagemaker-deepar-algorithm-for-more-accurate-time-series-forecasting/},
  year={2018}  
}

@article{Seeger2016bayesian,
  Author = {Seeger, Matthias and Salinas, David and Flunkert, Valentin},
  journal = {NIPS},
  Pages = {4646--4654},
  Title = {Bayesian intermittent demand forecasting for large inventories},
  Year = {2016}}

@article{Vartak2018,
  title={MISTIQUE: A System to Store and Query Model Intermediates for Model Diagnosis},
  author={Vartak, Manasi and F da Trindade, Joana M and Madden, Samuel and Zaharia, Matei},
  journal={SIGMOD},
  pages={1285--1300},
  year={2018}
}

@article{Chen2015,
  title={{MXNet: A flexible and efficient machine learning library for heterogeneous distributed systems}},
  author={Chen, Tianqi and Li, Mu and Li, Yutian and Lin, Min and Wang, Naiyan and Wang, Minjie and Xiao, Tianjun and Xu, Bing and Zhang, Chiyuan and Zhang, Zheng},
  journal={NIPS Workshop on Machine Learning Systems},
  year={2015}
}

@article{Pedregosa2011,
  title={{Scikit-learn: Machine learning in Python}},
  author={Pedregosa, Fabian and Varoquaux, Ga{\"e}l and Gramfort, Alexandre and Michel, Vincent and Thirion, Bertrand and Grisel, Olivier and Blondel, Mathieu and Prettenhofer, Peter and Weiss, Ron and Dubourg, Vincent and others},
  journal={JMLR},
  volume={12},
  pages={2825--2830},
  year={2011}
}

@article{Meng2015,
  title={{Mllib: Machine learning in apache spark}},
  author={Meng, Xiangrui and Bradley, Joseph and Yavuz, Burak and Sparks, Evan and Venkataraman, Shivaram and Liu, Davies and Freeman, Jeremy and Tsai, DB and Amde, Manish and Owen, Sean and others},
  journal={JMLR},
  volume={17},
  number={34},
  pages={1--7},
  year={2016}
}

@article{Zaharia2012,
  title={Resilient distributed datasets: A fault-tolerant abstraction for in-memory cluster computing},
  author={Zaharia, Matei and Chowdhury, Mosharaf and Das, Tathagata and Dave, Ankur and Ma, Justin and McCauley, Murphy and Franklin, Michael J and Shenker, Scott and Stoica, Ion},
  journal={NSDI},
  year={2012}
}

@article{Sculley2015,
  title={{Hidden technical debt in machine learning systems}},
  author={Sculley, D and Holt, Gary and Golovin, Daniel and Davydov, Eugene and Phillips, Todd and Ebner, Dietmar and Chaudhary, Vinay and Young, Michael and Crespo, Jean-Fran{\c{c}}ois and Dennison, Dan},
  journal={NIPS},
  pages={2503--2511},
  year={2015}
}

@article{Bose2017,
  title={{Probabilistic Demand Forecasting at Scale}},
  author={B{\"o}se, Joos-Hendrik and Flunkert, Valentin and Gasthaus, Jan and Januschowski, Tim and Lange, Dustin and Salinas, David and Schelter, Sebastian and Seeger, Matthias and Wang, Yuyang},
  journal={PVLDB},
  volume={10},
  number={12},
  pages={1694--1705},
  year={2017}
}

@article{Kumar2015,
  title={{Model Selection Management Systems: The Next Frontier of Advanced Analytics}},
  author={Kumar, Arun and McCann, Robert and Naughton, Jeffrey and Patel, Jignesh M},
  journal={SIGMOD Record},
  year={2015}
}

@article{Vartak2016,
 author = {Vartak, Manasi and Subramanyam, Harihar and Lee, Wei-En and Viswanathan, Srinidhi and Husnoo, Saadiyah and Madden, Samuel and Zaharia, Matei},
 title = {{ModelDB: A System for Machine Learning Model Management}},
 journal = {SIGMOD Workshop on Human-In-the-Loop Data Analytics},
 year = {2016},
 pages = {14:1--14:3}
} 

@article{Crankshaw2017,
  title={Clipper: A Low-Latency Online Prediction Serving System.},
  author={Crankshaw, Daniel and Wang, Xin and Zhou, Guilio and Franklin, Michael J and Gonzalez, Joseph E and Stoica, Ion},
  journal={NSDI},
  pages={613--627},
  year={2017}
}

@article{Miao2017,
  title={Towards unified data and lifecycle management for deep learning},
  author={Miao, Hui and Li, Ang and Davis, Larry S and Deshpande, Amol},
  journal={ICDE},
  pages={571--582},
  year={2017}
}

@book{Box2015time,
  author = {Box, George E P and Jenkins, Gwilym M and Reinsel, Gregory C and Ljung, Greta M},
  publisher = {John Wiley \& Sons},
  title = {Time series analysis: forecasting and control},
  year = {2015}
  }

@article{Polyzotis2017,
  title={Data Management Challenges in Production Machine Learning},
  author={Polyzotis, Neoklis and Roy, Sudip and Whang, Steven Euijong and Zinkevich, Martin},
  journal={SIGMOD},
  pages={1723--1726},
  year={2017}
}

@misc{Zinkevich2017,
  title={Rules of Machine Learning: Best Practices for ML Engineering},
  author={Zinkevich, Martin},
  year={2017},
  url={http://martin.zinkevich.org/rules_of_ml/rules_of_ml.pdf}
}

@article{Schelter2017,
  title={{Automatically Tracking Metadata and Provenance of Machine Learning Experiments}},
  author={Schelter, Sebastian and Boese, Joos-Hendrik and Kirschnick, Johannes and Klein, Thoralf and Seufert, Stephan},
  journal={NIPS Workshop on Machine Learning Systems},
  year={2017}
}

@article{Pimentel2017,
  title={noWorkflow: a tool for collecting, analyzing, and managing provenance from python scripts},
  author={Pimentel, Joao Felipe and Murta, Leonardo and Braganholo, Vanessa and Freire, Juliana},
  journal={PVLDB},
  volume={10},
  number={12},
  pages={1841--1844},
  year={2017}
}

@article{VanDerWeide2017,
  title={Versioning for End-to-End Machine Learning Pipelines},
  author={van der Weide, Tom and Papadopoulos, Dimitris and Smirnov, Oleg and Zielinski, Michal and van Kasteren, Tim},
  journal={SIGMOD Workshop on Data Management for End-to-End Machine Learning},
  pages={2},
  year={2017}
}

@article{Vanschoren2014,
  title={{OpenML: networked science in machine learning}},
  author={Vanschoren, Joaquin and Van Rijn, Jan N and Bischl, Bernd and Torgo, Luis},
  journal={SIGKDD},
  volume={15},
  number={2},
  pages={49--60},
  year={2014}
}

@article{Baylor2017,
  title={{TFX: A TensorFlow-Based Production-Scale Machine Learning Platform}},
  author={Baylor, Denis and Breck, Eric and Cheng, Heng-Tze and Fiedel, Noah and Foo, Chuan Yu and Haque, Zakaria and Haykal, Salem and Ispir, Mustafa and Jain, Vihan and Koc, Levent and others},
  journal={KDD},
  pages={1387--1395},
  year={2017}
}

@article{Kunft2016,
  title={Bridging the gap: towards optimization across linear and relational algebra},
  author={Kunft, Andreas and Alexandrov, Alexander and Katsifodimos, Asterios and Markl, Volker},
  journal={SIGMOD Workshop on Algorithms and Systems for MapReduce and Beyond},
  year={2016}
}

@article{Kunft2017,
  title={Blockjoin: efficient matrix partitioning through joins},
  author={Kunft, Andreas and Katsifodimos, Asterios and Schelter, Sebastian and Markl, Volker},
  journal={PVLDB},
  volume={10},
  number={13},
  pages={2061--2072},
  year={2017}
}

@article{Flunkert2017,
  title={DeepAR: Probabilistic forecasting with autoregressive recurrent networks},
  author={Flunkert, Valentin and Salinas, David and Gasthaus, Jan},
  journal={arXiv preprint arXiv:1704.04110},
  year={2017}
}

@article{Vartak2018,
  title={MISTIQUE: A System to Store and Query Model Intermediates for Model Diagnosis},
  author={Vartak, Manasi and F da Trindade, Joana M and Madden, Samuel and Zaharia, Matei},
  journal={SIGMOD},
  pages={1285--1300},
  year={2018}
}

@article{Boden2017,
  title={Distributed Machine Learning-but at what COST?},
  author={Boden, Christoph and Rabl, Tilmann and Markl, Volker},
  journal={NIPS Workshop on Machine Learning Systems},
  year={2017}
}

@article{Faloutsos2018,
  title={Forecasting big time series: old and new},
  author={Faloutsos, Christos and Gasthaus, Jan and Januschowski, Tim and Wang, Yuyang},
  journal={PVLDB},
  volume={11},
  number={12},
  pages={2102--2105},
  year={2018}
}

@article{Schelter2018,
  title={Automating large-scale data quality verification},
  author={Schelter, Sebastian and Lange, Dustin and Schmidt, Philipp and Celikel, Meltem and Biessmann, Felix and Grafberger, Andreas},
  journal={PVLDB},
  volume={11},
  number={12},
  pages={1781--1794},
  year={2018}
}

@article{Breck2016,
  title={What’s your ML test score? A rubric for ML production systems},
  author={Breck, Eric and Cai, Shanqing and Nielsen, Eric and Salib, Michael and Sculley, D},
  journal={NIPS Workshop on Reliable Machine Learning in the Wild},
  year={2016}
}

@article{Biessmann2018,
  title={"Deep" Learning for Missing Value Imputationin Tables with Non-Numerical Data},
  author={Biessmann, Felix and Salinas, David and Schelter, Sebastian and Schmidt, Philipp and Lange, Dustin},
  journal={CIKM},
  year={2018}
}