@book{damasio,
  author    = {Antonio Damasio},
  title     = {Descartes' Error},
  publisher = {Springer},
  year      = {1994},
}

@book{picard-book,
  author    = {Rosalind Picard},
  title     = {Affective Computing},
    publisher = {The M.I.T Press},
  year      = {1995}
  
}

@book{kahneman,
  author    = {Daniel Kahnnman},
  title     = {Thinking Fast and Slow},
publisher = {Penguin Books},
  year      = {2012}
}

@article{subjectivedatabases,
  title={Subjective Databases},
  author={Yuliang Li and Jinfeng Li and Aaron Feng and Vivian Li and Wang-Chiew Tan and Alon Halevy},
  journal={arXiv preprint arXiv:1309.0238},
  year={2019}
}

@book{lakoff-book,
author = {George Lakoff and Elisabeth Wehling},
title = {The Little Blue Book: The Essential Guide to Thinking and Talking Democratic},
publisher = {Free Press},
year = {2012}
}

@book{factfulness,
author = {Hans Rosling and Ola Rosling and Anna Rosling RÃ¶nnlund},
title = {Factfulness: Ten Reasons We're Wrong About the World--and Why Things Are Better Than You Think},
publisher = {Flatiron Books},
year = {2018}
}

@inproceedings{fagin1996combining,
  title={Combining fuzzy information from multiple systems},
  author={Fagin, Ronald},
  booktitle={PODS},
  pages={216--226},
  year={1996},
  organization={ACM}
}

@article{DBLP:journals/coling/WiebeWBBM04,
  author    = {Janyce Wiebe and
               Theresa Wilson and
               Rebecca F. Bruce and
               Matthew Bell and
               Melanie Martin},
  title     = {Learning Subjective Language},
  journal   = {Computational Linguistics},
  volume    = {30},
  number    = {3},
  pages     = {277--308},
  year      = {2004},
  url       = {https://doi.org/10.1162/0891201041850885},
  doi       = {10.1162/0891201041850885},
  timestamp = {Sun, 28 May 2017 13:24:51 +0200},
  biburl    = {https://dblp.org/rec/bib/journals/coling/WiebeWBBM04},
  bibsource = {dblp computer science bibliography, https://dblp.org}
}

@article{DBLP:journals/taffco/WiebeR11,
  author    = {Janyce Wiebe and
               Ellen Riloff},
  title     = {Finding Mutual Benefit between Subjectivity Analysis and Information
               Extraction},
  journal   = {{IEEE} Trans. Affective Computing},
  volume    = {2},
  number    = {4},
  pages     = {175--191},
  year      = {2011},
  url       = {https://doi.org/10.1109/T-AFFC.2011.19},
  doi       = {10.1109/T-AFFC.2011.19},
  timestamp = {Thu, 18 May 2017 09:50:42 +0200},
  biburl    = {https://dblp.org/rec/bib/journals/taffco/WiebeR11},
  bibsource = {dblp computer science bibliography, https://dblp.org}
}

@inproceedings{DBLP:conf/acl/WiebeM06,
  author    = {Janyce Wiebe and
               Rada Mihalcea},
  title     = {Word Sense and Subjectivity},
  booktitle = {{ACL} 2006, 21st International Conference on Computational Linguistics
               and 44th Annual Meeting of the Association for Computational Linguistics,
               Proceedings of the Conference, Sydney, Australia, 17-21 July 2006},
  year      = {2006},
  crossref  = {DBLP:conf/acl/2006},
  url       = {http://aclweb.org/anthology/P06-1134},
  timestamp = {Mon, 04 Mar 2013 20:57:25 +0100},
  biburl    = {https://dblp.org/rec/bib/conf/acl/WiebeM06},
  bibsource = {dblp computer science bibliography, https://dblp.org}
}

@proceedings{DBLP:conf/acl/2006,
  editor    = {Nicoletta Calzolari and
               Claire Cardie and
               Pierre Isabelle},
  title     = {{ACL} 2006, 21st International Conference on Computational Linguistics
               and 44th Annual Meeting of the Association for Computational Linguistics,
               Proceedings of the Conference, Sydney, Australia, 17-21 July 2006},
  publisher = {The Association for Computer Linguistics},
  year      = {2006},
  url       = {http://aclweb.org/anthology/P/P06/},
  timestamp = {Mon, 04 Mar 2013 20:57:24 +0100},
  biburl    = {https://dblp.org/rec/bib/conf/acl/2006},
  bibsource = {dblp computer science bibliography, https://dblp.org}
}

@book{liu2012sentiment,
  title={Sentiment Analysis and Opinion Mining},
  author={Bing Liu},
  year={2012},
  publisher={{Morgan & Claypool}}
}

@inproceedings{DBLP:conf/edbt/StoyanovichAM16,
  author    = {Julia Stoyanovich and
               Serge Abiteboul and
               Gerome Miklau},
  title     = {Data Responsibly: Fairness, Neutrality and Transparency in Data Analysis},
  booktitle = {Proceedings of the 19th International Conference on Extending Database
               Technology, {EDBT} 2016, Bordeaux, France, March 15-16, 2016, Bordeaux,
               France, March 15-16, 2016.},
  pages     = {718--719},
  year      = {2016},
  crossref  = {DBLP:conf/edbt/2016},
  url       = {https://doi.org/10.5441/002/edbt.2016.103},
  doi       = {10.5441/002/edbt.2016.103},
  timestamp = {Sun, 21 May 2017 00:19:15 +0200},
  biburl    = {https://dblp.org/rec/bib/conf/edbt/StoyanovichAM16},
  bibsource = {dblp computer science bibliography, https://dblp.org}
}

@proceedings{DBLP:conf/edbt/2016,
  editor    = {Evaggelia Pitoura and
               Sofian Maabout and
               Georgia Koutrika and
               Am{\'{e}}lie Marian and
               Letizia Tanca and
               Ioana Manolescu and
               Kostas Stefanidis},
  title     = {Proceedings of the 19th International Conference on Extending Database
               Technology, {EDBT} 2016, Bordeaux, France, March 15-16, 2016, Bordeaux,
               France, March 15-16, 2016},
  publisher = {OpenProceedings.org},
  year      = {2016},
  isbn      = {978-3-89318-070-7},
  timestamp = {Tue, 01 Mar 2016 12:00:42 +0100},
  biburl    = {https://dblp.org/rec/bib/conf/edbt/2016},
  bibsource = {dblp computer science bibliography, https://dblp.org}
}