@misc{mcfeely2018workplace,
  title={What workplace leaders can learn from the real gig economy. Gallup},
  author={McFeely, S and Pendell, R},
  year={2018}
}

@inproceedings{roy2013crowds,
  title={Crowds, not drones: modeling human factors in interactive crowdsourcing},
  author={Roy, Senjuti Basu and Lykourentzou, Ioanna and Thirumuruganathan, Saravanan and Amer-Yahia, Sihem and Das, Gautam},
  year={2013}
}

@article{basu2015task,
  title={Task assignment optimization in knowledge-intensive crowdsourcing},
  author={Basu Roy, Senjuti and Lykourentzou, Ioanna and Thirumuruganathan, Saravanan and Amer-Yahia, Sihem and Das, Gautam},
  journal={The VLDB Journalâ€”The International Journal on Very Large Data Bases},
  volume={24},
  number={4},
  pages={467--491},
  year={2015},
  publisher={Springer-Verlag New York, Inc.}
}

@inproceedings{rahman2015task,
  title={Task assignment optimization in collaborative crowdsourcing},
  author={Rahman, Habibur and Roy, Senjuti Basu and Thirumuruganathan, Saravanan and Amer-Yahia, Sihem and Das, Gautam},
  booktitle={2015 IEEE International Conference on Data Mining},
  pages={949--954},
  year={2015},
  organization={IEEE}
}

@inproceedings{ho2012online,
  title={Online task assignment in crowdsourcing markets},
  author={Ho, Chien-Ju and Vaughan, Jennifer Wortman},
  booktitle={Twenty-Sixth AAAI Conference on Artificial Intelligence},
  year={2012}
}

@article{rahman2015worker,
  title={Worker skill estimation in team-based tasks},
  author={Rahman, Habibur and Thirumuruganathan, Saravanan and Roy, Senjuti Basu and Amer-Yahia, Sihem and Das, Gautam},
  journal={Proceedings of the VLDB Endowment},
  volume={8},
  number={11},
  pages={1142--1153},
  year={2015},
  publisher={VLDB Endowment}
}

@article{zheng2017truth,
  title={Truth inference in crowdsourcing: Is the problem solved?},
  author={Zheng, Yudian and Li, Guoliang and Li, Yuanbing and Shan, Caihua and Cheng, Reynold},
  journal={Proceedings of the VLDB Endowment},
  volume={10},
  number={5},
  pages={541--552},
  year={2017},
  publisher={VLDB Endowment}
}

@article{raykar2012eliminating,
  title={Eliminating spammers and ranking annotators for crowdsourced labeling tasks},
  author={Raykar, Vikas C and Yu, Shipeng},
  journal={Journal of Machine Learning Research},
  volume={13},
  number={Feb},
  pages={491--518},
  year={2012}
}

@article{ikeda2016collaborative,
  title={Collaborative crowdsourcing with crowd4U},
  author={Ikeda, Kosetsu and Morishima, Atsuyuki and Rahman, Habibur and Roy, Senjuti Basu and Thirumuruganathan, Saravanan and Amer-Yahia, Sihem and Das, Gautam},
  journal={Proceedings of the VLDB Endowment},
  volume={9},
  number={13},
  pages={1497--1500},
  year={2016},
  publisher={VLDB Endowment}
}

@article{li2016crowdsourced,
  title={Crowdsourced data management: A survey},
  author={Li, Guoliang and Wang, Jiannan and Zheng, Yudian and Franklin, Michael J},
  journal={IEEE Transactions on Knowledge and Data Engineering},
  volume={28},
  number={9},
  pages={2296--2319},
  year={2016},
  publisher={IEEE}
}

@article{amer2016human,
  title={Human factors in crowdsourcing},
  author={Amer-Yahia, Sihem and Roy, Senjuti Basu},
  journal={Proceedings of the VLDB Endowment},
  volume={9},
  number={13},
  pages={1615--1618},
  year={2016},
  publisher={VLDB Endowment}
}
@article{yongxin2016online,
  title={Online Minimum Matching in RealTime Spatial Data: Experiments and Analysis},
  author={Tong, Yongxin and She, Jieying  and Ding, Bolin and Chen, Lei  and Wo, Tianyu and Xu,  Ke},
  journal={Proceedings of the VLDB Endowment},
  volume={9},
  number={12},
  pages={1053--1064},
  year={2016},
  publisher={VLDB Endowment}
}
@inproceedings{kaufmann2011more,
  title={More than fun and money. Worker Motivation in Crowdsourcing-A Study on Mechanical Turk.},
  author={Kaufmann, Nicolas and Schulze, Thimo and Veit, Daniel},
  booktitle={AMCIS},
  volume={11},
  number={2011},
  pages={1--11},
  year={2011},
  organization={Detroit, Michigan, USA}
}

@article{pilz2013does,
  title={Does Money Matter? Motivational Factors for Participation in Paid-and Non-Profit-Crowdsourcing Communities.},
  author={Pilz, Dennis and Gewald, Heiko},
  journal={Wirtschaftsinformatik},
  volume={37},
  pages={73--82},
  year={2013}
}

@inproceedings{cullina2015measuring,
  title={Measuring the crowd: a preliminary taxonomy of crowdsourcing metrics},
  author={Cullina, Eoin and Conboy, Kieran and Morgan, Lorraine},
  booktitle={Proceedings of the 11th International Symposium on Open Collaboration},
  pages={7},
  year={2015},
  organization={ACM}
}
@inproceedings{ChengCY19,
  author    = {Peng Cheng and
               Lei Chen and
               Jieping Ye},
  title     = {Cooperation-Aware Task Assignment in Spatial Crowdsourcing},
  booktitle = {35th {IEEE} International Conference on Data Engineering, {ICDE} 2019,
               Macao, China, April 8-11, 2019},
  pages     = {1442--1453},
  year      = {2019}
}
@inproceedings{ChenCZC19,
  author    = {Zhao Chen and
               Peng Cheng and
               Yuxiang Zeng and
               Lei Chen},
  title     = {Minimizing Maximum Delay of Task Assignment in Spatial Crowdsourcing},
  booktitle = {35th {IEEE} International Conference on Data Engineering, {ICDE} 2019,
               Macao, China, April 8-11, 2019},
  pages     = {1454--1465},
  year      = {2019}
 }
 @article{ChenFZLXCCCTZ14,
  author    = {Zhao Chen and
               Rui Fu and
               Ziyuan Zhao and
               Zheng Liu and
               Leihao Xia and
               Lei Chen and
               Peng Cheng and
               Caleb Chen Cao and
               Yongxin Tong and
               Chen Jason Zhang},
  title     = {gMission: {A} General Spatial Crowdsourcing Platform},
  journal   = {{PVLDB}},
  volume    = {7},
  number    = {13},
  pages     = {1629--1632},
  year      = {2014}
}

@misc{Figure8DataForEveryone,
  title = {Figure Eight's Data for Everyone},
  howpublished = {\url{https://www.figure-eight.com/data-for-everyone/}},
  note = {Accessed: 07-Dec-2019}
}
